@article {katz,
    AUTHOR = {Katz, Victor J.},
     TITLE = {The calculus of the trigonometric functions},
   JOURNAL = {Historia Math.},
  FJOURNAL = {Historia Mathematica},
    VOLUME = {14},
      YEAR = {1987},
    NUMBER = {4},
     PAGES = {311--324},
      ISSN = {0315-0860},
     CODEN = {HIMADS},
   MRCLASS = {01A50},
MRREVIEWER = {Gordon Fisher},
       DOI = {10.1016/0315-0860(87)90064-4},
       URL = {http://dx.doi.org.myaccess.library.utoronto.ca/10.1016/0315-0860(87)90064-4},
}

@book {MR1614631,
    AUTHOR = {Maor, Eli},
     TITLE = {Trigonometric delights},
 PUBLISHER = {Princeton University Press},
   ADDRESS = {Princeton, NJ},
      YEAR = {1998},
     PAGES = {xiv+236},
      ISBN = {0-691-05754-0},
   MRCLASS = {01-01 (00A08 00A69 26-01)},
MRREVIEWER = {E. J. Barbeau},
}

@article {MR1204601,
    AUTHOR = {Kleiner, I. and Shenitzer, A.},
     TITLE = {Mathematical building blocks},
   JOURNAL = {Math. Mag.},
  FJOURNAL = {Mathematics Magazine},
    VOLUME = {66},
      YEAR = {1993},
    NUMBER = {1},
     PAGES = {3--13},
      ISSN = {0025-570X},
     CODEN = {MAMGA8},
   MRCLASS = {00A05},
MRREVIEWER = {B. Artmann},
       DOI = {10.2307/2690463},
       URL = {http://dx.doi.org/10.2307/2690463},
}

@book{master,
	AUTHOR = {Steele, J. Michael},
	TITLE = {The {C}auchy-{S}chwarz master class: an introduction to the art of mathematical inequalities},
	YEAR = {2004},
	PUBLISHER = {Cambridge University Press},
	SERIES = {MAA Problem Books Series},
}

@article{E447,
	AUTHOR = {Euler, Leonhard},
	TITLE = {Summatio progressionum $\sin \phi^\lambda +\sin 2\phi^\lambda
+\sin 3\phi^\lambda+\cdots +\sin n\phi^\lambda,
\cos \phi^\lambda +\cos 2\phi^\lambda+\cos 3\phi^\lambda+\cdots+
\cos n\phi^\lambda$},
	JOURNAL = {Novi Commentarii Academiae Scientiarum Imperialis Petropolitanae},
	VOLUME = {18},
	YEAR = {1773},
	PAGES = {24--36},
	NOTE = {E447, Opera omnia I.15, pp. 168--184},
}

@book{polya,
	AUTHOR = {P\'olya, George and Szeg{\H o}, G\'abor},
	TITLE = {Problems and theorems in analysis, volume {II}},
	PUBLISHER = {Springer},
	YEAR = {1976},
	SERIES = {Die Grundlehren der mathematischen Wissenschaften},
	VOLUME = {216},
	NOTE = {Translated from the German by C. E. Billigheimer},
}

@article {MR1573513,
    AUTHOR = {Lampret, Vito},
     TITLE = {The {E}uler-{M}aclaurin and {T}aylor Formulas: twin,
              elementary derivations},
   JOURNAL = {Math. Mag.},
  FJOURNAL = {Mathematics Magazine},
    VOLUME = {74},
      YEAR = {2001},
    NUMBER = {2},
     PAGES = {109--122},
      ISSN = {0025-570X},
     CODEN = {MAMGA8},
   MRCLASS = {Contributed Item},
       URL = {http://www.jstor.org.myaccess.library.utoronto.ca/stable/2690625?origin=pubexport},
}

@article {MR2668331,
    AUTHOR = {Barnes, Julia and Koss, Lorelei},
     TITLE = {The ergodic theory carnival},
   JOURNAL = {Math. Mag.},
  FJOURNAL = {Mathematics Magazine},
    VOLUME = {83},
      YEAR = {2010},
    NUMBER = {3},
     PAGES = {180--190},
      ISSN = {0025-570X},
     CODEN = {MAMGA8},
   MRCLASS = {37A05 (28-01 28D05 37-01)},
MRREVIEWER = {Pawe{\l}G{\'o}ra},
       DOI = {10.4169/002557010X494823},
       URL = {http://dx.doi.org.myaccess.library.utoronto.ca/10.4169/002557010X494823},
}

@article{yuefeng,
	AUTHOR = {Yuefeng, Feng},
	TITLE = {Proof without words: {J}ordan's inequality $\frac{2x}{\pi} \leq \sin x \leq x$, $0 \leq x \leq \frac{\pi}{2}$},
	JOURNAL = {Math. Mag.},
	VOLUME = {69},
	YEAR = {1996},
	NUMBER = {2},
	PAGES = {126},
}

@book{steinIII,
	AUTHOR = {Stein, Elias M. and Shakarchi, Rami},
	TITLE = {Real Analysis: measure theory, integration, and {H}ilbert spaces},
	SERIES = {Princeton Lectures in Analysis},
	VOLUME = {III},
	YEAR = {2005},
	PUBLISHER = {Princeton University Press},
}

@book{steinIV,
	AUTHOR = {Stein, Elias M. and Shakarchi, Rami},
	TITLE = {Functional analysis: introduction to further topics in analysis},
	SERIES = {Princeton Lectures in Analysis},
	VOLUME = {IV},
	YEAR = {2011},
	PUBLISHER = {Princeton University Press},
}

@book{steinI,
	AUTHOR = {Stein, Elias M. and Shakarchi, Rami},
	PUBLISHER = {Princeton University Press},
	TITLE = {Fourier analysis: an introduction},
	SERIES = {Princeton Lectures in Analysis},
	VOLUME = {I},
	YEAR = {2003},	
}

@article {MR1654470,
    AUTHOR = {Bell, J. P. and Borwein, P. B. and Richmond, L. B.},
     TITLE = {Growth of the product {$\prod^n_{j=1}(1-x^{a_j})$}},
   JOURNAL = {Acta Arith.},
  FJOURNAL = {Acta Arithmetica},
    VOLUME = {86},
      YEAR = {1998},
    NUMBER = {2},
     PAGES = {155--170},
      ISSN = {0065-1036},
     CODEN = {AARIA9},
   MRCLASS = {11P82},
MRREVIEWER = {Mihail N. Kolountzakis},
}

@book{EMS,
	EDITOR = {Sinai, Ya. G.},
	TITLE = {Dynamical systems, ergodic theory and applications},
	PUBLISHER = {Springer},
	YEAR = {2000},
	SERIES = {Encyclopaedia of Mathematical Sciences},
	VOLUME = {100},
	EDITION = {second},
}

@book{einsiedler,
	AUTHOR = {Einsiedler, Manfred and Ward, Thomas},
	TITLE = {Ergodic Theory: with a view towards Number Theory},
	SERIES = {Graduate Texts in Mathematics},
	VOLUME = {259},
	PUBLISHER = {Springer},
	YEAR = {2010},
}

@book{lieb,
	TITLE = {Analysis},
	AUTHOR = {Lieb, Elliott H. and Loss, Michael},
	EDITION = {second},
	PUBLISHER = {American Mathematical Society},
	ADDRESS = {Providence, RI},
	YEAR = {2001},
	SERIES = {Graduate Studies in Mathematics},
	VOLUME = {14},
}

@article {MR3061031,
    AUTHOR = {Bell, Jordan},
     TITLE = {Estimates for the norms of products of sines and cosines},
   JOURNAL = {J. Math. Anal. Appl.},
  FJOURNAL = {Journal of Mathematical Analysis and Applications},
    VOLUME = {405},
      YEAR = {2013},
    NUMBER = {2},
     PAGES = {530--545},
      ISSN = {0022-247X},
     CODEN = {JMANAK},
   MRCLASS = {Preliminary Data},
       DOI = {10.1016/j.jmaa.2013.04.010},
       URL = {http://dx.doi.org/10.1016/j.jmaa.2013.04.010},
}

@book{katznelson,
	AUTHOR = {Katznelson, Yitzhak},
	TITLE = {An introduction to harmonic analysis},
	EDITION = {third},
	PUBLISHER = {Cambridge University Press},
	YEAR = {2004},
	SERIES = {Cambridge Mathematical Library},
}

@article{E393,
	AUTHOR = {Euler, Leonhard},
	TITLE = {De summis serierum numeros {B}ernoullianos involventium},
	JOURNAL = {Novi Commentarii Academiae Scientiarum Imperialis Petropolitanae},
	VOLUME = {14},
	YEAR = {1770},
	PAGES = {129--167},
	NOTE = {E393, Opera omnia I.15, pp. 91--130},
}	

@article {MR1572648,
    AUTHOR = {Galovich, Steven},
     TITLE = {Products of sines and cosines},
   JOURNAL = {Math. Mag.},
  FJOURNAL = {Mathematics Magazine},
    VOLUME = {60},
      YEAR = {1987},
    NUMBER = {2},
     PAGES = {105--113},
      ISSN = {0025-570X},
     CODEN = {MAMGA8},
   MRCLASS = {Contributed Item},
       URL = {http://www.jstor.org/stable/2690306?origin=pubexport},
}