@article{mawhin,
	AUTHOR = {Mawhin, Jean},
	TITLE = {Probl\`eme de Cauchy pour les \'equations diff\'erentielles et th\'eories de l'int\'egration : influences mutuelles},
	JOURNAL = {Cahiers du s\'eminaire d'histoire des math\'ematiques},
	VOLUME = {9},
	YEAR = {1988},
	PAGES = {231--246},
}

@article{tournes,
	TITLE = {Diagrams in the theory of differential equations (eighteenth to nineteenth centuries)},
	AUTHOR = {Dominique Tourn\'es},
	JOURNAL = {Synthese},
	VOLUME = {186},
	NUMBER = {1},
	PAGES = {257--288},
	YEAR = {2012},
}

@article {MR661918,
    AUTHOR = {Youschkevitch, A. P.},
     TITLE = {Sur les origines de la ``m\'ethode de {C}auchy-{L}ipschitz''
              dans la th\'eorie des \'equations diff\'erentielles
              ordinaires},
   JOURNAL = {Rev. Histoire Sci. Appl.},
  FJOURNAL = {Revue d'Histoire des Sciences et de leurs Applications},
    VOLUME = {34},
      YEAR = {1981},
    NUMBER = {3-4},
     PAGES = {209--215},
}

@book{hirsch,
	AUTHOR = {Hirsch, Morris W. and Smale, Stephen and Devaney, Robert L.},
	TITLE = {Differential Equations, Dynamical Systems, and an Introduction to Chaos},
	EDITION = {third},
	YEAR = {2013},
	PUBLISHER = {Academic Press},
}

@article{roberts,
	TITLE = {Why teach existence and uniqueness
theorems in the first course in ordinary
differential equations?},
	AUTHOR = {Roberts Jr., C. E.},
	JOURNAL = {Internat. J. Math. Ed. Sci. Tech.},
	YEAR = {1976},
	VOLUME = {7},
	NUMBER = {1},
	PAGES = {41--44},
}
	

@article {MR1046939,
    AUTHOR = {Dorofeeva, A. V.},
     TITLE = {The implicit function theorem and its connection with the
              theory of extremal problems},
   JOURNAL = {Istor. Metodol. Estestv. Nauk},
  FJOURNAL = {Istoriya i Metodologiya Estestvennykh Nauk},
    NUMBER = {36},
      YEAR = {1989},
     PAGES = {34--44},
      ISSN = {0579-0204},
   MRCLASS = {01A55 (01A60 26-03 49-03)},
MRREVIEWER = {Karl-Heinz Schlote},
}

@article {MR762062,
    AUTHOR = {R{\"u}thing, Dieter},
     TITLE = {Some definitions of the concept of function from {J}oh.
              {B}ernoulli to {N}. {B}ourbaki},
   JOURNAL = {Math. Intelligencer},
  FJOURNAL = {The Mathematical Intelligencer},
    VOLUME = {6},
      YEAR = {1984},
    NUMBER = {4},
     PAGES = {72--77},
      ISSN = {0343-6993},
     CODEN = {MAINDC},
   MRCLASS = {01A05 (26-03)},
MRREVIEWER = {F. J. Papp},
}

@book {MR0226976,
    AUTHOR = {Manheim, Jerome H.},
     TITLE = {The genesis of point set topology},
 PUBLISHER = {Pergamon Press},
   ADDRESS = {Oxford},
      YEAR = {1964},
     PAGES = {xiii+166},
   MRCLASS = {01.01 (54.00)},
MRREVIEWER = {M. Kline},
}

@book {graves,
    AUTHOR = {Graves, Lawrence M.},
     TITLE = {The theory of functions of real variables},
 PUBLISHER = {McGraw-Hill},
 	ADDRESS = {New York},
      YEAR = {1946},
     PAGES = {x+300},
   MRCLASS = {27.2X},
MRREVIEWER = {Franti{\v{s}}ek Wolf},
}

@article {MR2034199,
    AUTHOR = {Komornik, Vilmos and Martinez, Patrick and Pierre, Michel and
              Vancostenoble, Judith},
     TITLE = {``{B}low-up'' of bounded solutions of differential equations},
   JOURNAL = {Acta Sci. Math. (Szeged)},
  FJOURNAL = {Acta Universitatis Szegediensis. Acta Scientiarum
              Mathematicarum},
    VOLUME = {69},
      YEAR = {2003},
    NUMBER = {3-4},
     PAGES = {651--657},
      ISSN = {0001-6969},
   MRCLASS = {34K30 (34K12)},
MRREVIEWER = {Olusola Akiny{\d{e}}le},
}

@book{lutzen,
	AUTHOR = {L\"utzen, Jesper},
	TITLE = {{Joseph Liouville 1809--1882: master of pure and applied mathematics}},
	SERIES = {Studies in the History of Mathematics and Physical Sciences},
	VOLUME = {15},
	PUBLISHER = {Springer},
	YEAR = {1990},
}

@incollection{belot,
	AUTHOR = {Belot, Gordon},
	TITLE = {The representation of time and change in mechanics},
	PAGES = {133--227},
	YEAR = {2007},
	PUBLISHER = {Elsevier},
	EDITOR = {Butterfield, Jeremy and Earman, John},
	BOOKTITLE = {Philosophy of Physics, Part {A}},
	SERIES = {Handbook of the Philosophy of Science},
}

@book{bourbaki,
	AUTHOR = {Bourbaki, Nicolas},
	TITLE = {Functions of a Real Variable: Elementary Theory},
	SERIES = {Elements of Mathematics},
	PUBLISHER = {Springer},
	NOTE = {Translated from the French by Philip Spain},
	YEAR = {2004},
	VOLUME = {IV},
}

@book{lefschetz,
	AUTHOR = {Lefschetz, Solomon},
	TITLE = {Differential equations: geometric theory},
	EDITION = {second},
	YEAR = {1962},
	PUBLISHER = {John Wiley \& Sons},
}

@article{kleiner,
	TITLE = {Evolution of the Function Concept: a Brief Survey},
	AUTHOR = {Kleiner, Israel},
	JOURNAL = {College Math. J.},
	VOLUME = {20},
	NUMBER = {4},
	YEAR = {1989},
	PAGES = {282--300},
}	

@article {MR0497639,
    AUTHOR = {Youschkevitch, A. P.},
     TITLE = {The concept of function up to the middle of the 19th century},
   JOURNAL = {Arch. History Exact Sci.},
  FJOURNAL = {Archive for History of Exact Sciences},
    VOLUME = {16},
      YEAR = {1976/77},
    NUMBER = {1},
     PAGES = {37--85},
      ISSN = {0003-9519},
   MRCLASS = {01A50 (01A55)},
MRREVIEWER = {E. Neuenschwander},
}

@book{stewart,
	AUTHOR = {Stewart, Ian},
	TITLE = {Concepts of modern mathematics},
	PUBLISHER = {Dover},
	ADDRESS = {New York},
	YEAR = {1995},
}

@book{hartman,
	AUTHOR = {Hartman, Philip},
	TITLE = {Ordinary differential equations},
	PUBLISHER = {John Wiley \& Sons},
	YEAR = {1964},
}

@book{hale,
	AUTHOR = {Hale, Jack K.},
	TITLE = {Ordinary differential equations},
	PUBLISHER = {John Wiley \& Sons},
	YEAR = {1969},
}	

@book{aubin,
	AUTHOR = {Audin, Jean-Pierre},
	TITLE = {Applied Functional Analysis},
	PUBLISHER = {John Wiley \& Sons},
	YEAR = {2000},
}

@book{remmert,
	AUTHOR = {Remmert, Reinhold},
	TITLE = {Classical Topics in Complex Function Theory},
	VOLUME = {172},
	YEAR = {1998},
	PUBLISHER = {Springer},
	SERIES = {Graduate Texts in Mathematics},
	NOTE = {Translated from the German by Leslie Kay},
}

@article {MR2485412,
    AUTHOR = {Gra{\c{c}}a, D. S. and Zhong, N. and Buescu, J.},
     TITLE = {Computability, noncomputability and undecidability of maximal
              intervals of {IVP}s},
   JOURNAL = {Trans. Amer. Math. Soc.},
  FJOURNAL = {Transactions of the American Mathematical Society},
    VOLUME = {361},
      YEAR = {2009},
    NUMBER = {6},
     PAGES = {2913--2927},
      ISSN = {0002-9947},
     CODEN = {TAMTAM},
   MRCLASS = {03D35 (34A12 65L05 68Q17)},
MRREVIEWER = {Klaus Weihrauch},
       DOI = {10.1090/S0002-9947-09-04929-0},
       URL = {http://dx.doi.org/10.1090/S0002-9947-09-04929-0},
}

@book {MR1801735,
    AUTHOR = {Chipot, Michel},
     TITLE = {Elements of nonlinear analysis},
 PUBLISHER = {Birkh\"auser},
 SERIES = {Birkh\"auser Advanced Texts},
      YEAR = {2000},
     PAGES = {viii+256},
      ISBN = {3-7643-6406-8},
   MRCLASS = {35-01 (35J60 35K55 35Q72 47J30)},
MRREVIEWER = {A. G. Kartsatos},
       DOI = {10.1007/978-3-0348-8428-0},
       URL = {http://dx.doi.org/10.1007/978-3-0348-8428-0},
}

@book{betounes,
	AUTHOR = {Betounes, David},
	TITLE = {Differential equations: theory and applications},
	EDITION = {second},
	YEAR = {2010},
	PUBLISHER = {Springer},
}


@book{dieudonne,
	AUTHOR = {Dieudonn\'e, Jean},
	TITLE = {Foundations of modern analysis},
	SERIES = {Treatise on Analysis},
	VOLUME = {1},
	YEAR = {1969},
	PUBLISHER = {Academic Press},
	ADDRESS = {New York, NY},
	NOTE = {Enlarged and corrected printing},
}
	

@book {MR1894435,
    AUTHOR = {Krantz, Steven G. and Parks, Harold R.},
     TITLE = {The implicit function theorem: history, theory, and applications},
 PUBLISHER = {Birkh\"auser},
      YEAR = {2002},
     PAGES = {xii+163},
      ISBN = {0-8176-4285-4},
   MRCLASS = {26-01 (00A05 01A05 26B10 47J07 49J52 58C15)},
MRREVIEWER = {B. Mordukhovich},
       DOI = {10.1007/978-1-4612-0059-8},
       URL = {http://dx.doi.org/10.1007/978-1-4612-0059-8},
}

@article {MR2142606,
    AUTHOR = {Bl{\aa}sj{\"o}, Viktor},
     TITLE = {The isoperimetric problem},
   JOURNAL = {Amer. Math. Monthly},
  FJOURNAL = {American Mathematical Monthly},
    VOLUME = {112},
      YEAR = {2005},
    NUMBER = {6},
     PAGES = {526--566},
      ISSN = {0002-9890},
     CODEN = {AMMYAE},
   MRCLASS = {51M16 (01A05 51-03)},
MRREVIEWER = {Samuel K. Vandervelde},
       DOI = {10.2307/30037526},
       URL = {http://dx.doi.org/10.2307/30037526},
}

@article{hubbard,
	TITLE = {A First Look at Differential Algebra},
	AUTHOR = {Hubbard, John H. and Lundell, Benjamin E.},
	JOURNAL = {Amer. Math. Monthly},
	VOLUME = {118},
	NUMBER = {3},
	YEAR = {2011},
	PAGES = {245--261},
}

@book{forsyth,
	AUTHOR = {Forsyth, Andrew Russell},
	TITLE = {Theory of differential equations},
	PUBLISHER = {Cambridge University Press},
	YEAR = {1900},
	VOLUME = {II},
}

@book{teschl,
	AUTHOR = {Teschl, Gerald},
	TITLE = {Ordinary differential equations and dynamical systems},
	SERIES = {Graduate Studies in Mathematics},
	VOLUME = {140},
	PUBLISHER = {American Mathematical Society},
	YEAR = {2012},
	ADDRESS = {Providence, RI},
}

@book{coddington,
	AUTHOR = {Coddington, Earl A. and Levinson, Norman},
	TITLE = {Theory of ordinary differential equations},
	PUBLISHER = {McGraw-Hill},
	ADDRESS = {New York},
	YEAR = {1955},
	SERIES = {International Series in Pure and Applied Mathematics},
}

@book{arnold,
	AUTHOR = {Arnold, V. I.},
	TITLE = {Ordinary differential equations},
	NOTE = {Translated from the Russian by Richard A. Silverman},
	PUBLISHER = {MIT Press},
	ADDRESS = {Cambridge, MA},
	YEAR = {1973},
}

@book{ince,
	AUTHOR = {Ince, E. L.},
	YEAR = {1956},
	TITLE = {Ordinary differential equations},
	PUBLISHER = {Dover},
	ADDRESS = {New York},
}

@incollection{archibald,
	AUTHOR = {Archibald, Tom},
	EDITOR = {Jahnke, Hans Niels},
	BOOKTITLE = {A History of Analysis},
	TITLE = {Differential equations: a historical overview to circa 1900},
	PAGES = {325--353},
	YEAR = {2003},
	SERIES = {History of Mathematics},
	VOLUME = {24},
	PUBLISHER = {American Mathematical Society},
	ADDRESS = {Providence, RI},
}	

@incollection{painleve,
	AUTHOR = {Painlev\'e, Paul},
	PUBLISHER = {B. G. Teubner},
	EDITOR = {Burkhardt, H. and Wirtinger, W. and Fricke, R.},
	ADDRESS = {Leipzig},
	YEAR = {1899--1916},
	TITLE = {{Gew\"ohnliche Differentialgleichungen; Existenz der L\"osungen}},
	BOOKTITLE = {Enzyklop\"adie der Mathematischen Wissenschaften mit Einschluss ihrer Anwendungen. Band II, 1. Teil, 1. H\"alfte},
	PAGES = {189--229},
}

@book{hurewicz,
	AUTHOR = {Hurewicz, Witold},
	TITLE = {Lectures on ordinary differential equations},
	PUBLISHER = {MIT Press},
	ADDRESS = {Cambridge, MA},
	YEAR = {1958},
}

@book{tao,
	AUTHOR = {Tao, Terence},
	TITLE = {Nonlinear dispersive equations: local and global analysis},
	SERIES = {CBMS Regional Conference Series in Mathematics},
	NUMBER = {106},
	PUBLISHER = {American Mathematical Society},
	ADDRESS = {Providence, RI},
	YEAR = {2006},
}

@article {MR1543232,
    AUTHOR = {S\'anchez, David A.},
     TITLE = {Ordinary differential equations texts},
   JOURNAL = {Amer. Math. Monthly},
  FJOURNAL = {The American Mathematical Monthly},
    VOLUME = {105},
      YEAR = {1998},
    NUMBER = {4},
     PAGES = {377--383},
      ISSN = {0002-9890},
     CODEN = {AMMYAE},
   MRCLASS = {Contributed Item},
       DOI = {10.2307/2589736},
       URL = {http://dx.doi.org/10.2307/2589736},
}
