@Book{rudin,
 Author = {Rudin, Walter},
 Title = {Fourier analysis on groups},
 Series = {Interscience Tracts in Pure and Applied Mathematics},
 Number = {12},
 Year = {1962},
 Publisher = {Interscience Publishers},
ADDRESS = {New York},
 Language = {English},
 zbMATH = {3174732},
 Zbl = {0107.09603}
}

@Book{terras,
 Author = {Terras, Audrey},
 Title = {Fourier analysis on finite groups and applications},
 Series = {London Mathematical Society Student Texts},
 ISSN = {0963-1631},
 Volume = {43},
 ISBN = {0-521-45718-1; 0-521-45108-6},
 Year = {1999},
 Publisher = {Cambridge University Press},
ADDRESS = {Cambridge},
 Language = {English},
 Keywords = {43-02,65T50,11F72,05C25},
 zbMATH = {1318047},
 Zbl = {0928.43001}
}

@Book{folland,
 Author = {Folland, Gerald B.},
 Title = {A course in abstract harmonic analysis},
 Edition = {2nd updated edition},
 Series = {Textbooks in Mathematics},
 ISBN = {978-1-4987-2713-6; 978-1-4987-2715-0},
 Year = {2015},
 Publisher = {CRC Press},
ADDRESS = {Boca Raton, FL},
 Language = {English},
 DOI = {10.1201/b19172},
 Keywords = {43-01},
 zbMATH = {6473590},
 Zbl = {1342.43001}
}

@book{sp4comm,
	TITLE = {Signal Processing for Communications},
	AUTHOR = {Paolo Prandoni and Martin Vetterli},
	PUBLISHER = {EPFL Press},
	YEAR = {2008},
	NOTE = {\url{https://www.sp4comm.org/webversion.html}},
}