@article {MR1814174,
    AUTHOR = {Borwein, Peter and Lockhart, Richard},
     TITLE = {The expected {$L_p$} norm of random polynomials},
   JOURNAL = {Proc. Amer. Math. Soc.},
  FJOURNAL = {Proceedings of the American Mathematical Society},
    VOLUME = {129},
      YEAR = {2001},
    NUMBER = {5},
     PAGES = {1463--1472},
}

@book{pinsky,
	AUTHOR = {Pinsky, Mark A.},
	TITLE = {Introduction to {F}ourier Analysis and Wavelets},
	PUBLISHER = {American Mathematical Society},
	ADDRESS = {Providence, RI},
	SERIES = {Graduate Studies in Mathematics},
	VOLUME = {102},
	YEAR = {2009},
}