@book{blank,
	AUTHOR = {Blank, D. L.},
	YEAR = {1998},
	PUBLISHER = {Clarendon Press},
	ADDRESS = {Oxford},
	TITLE = {{Sextus Empiricus: {\em Against the grammarians}}},
	SERIES = {Clarendon Later Ancient Philosophers},
}

@book{baconI,
	AUTHOR = {Burke, Robert Belle},
	TITLE = {{The {\em Opus Majus} of Roger Bacon, volume I}},
	PUBLISHER = {University of Pennsylvania Press},
	YEAR = {1928},
}

@book{academica,
	AUTHOR = {Brittain, Charles},
	TITLE = {{Cicero: {\em On Academic Scepticism}}},
	PUBLISHER = {Hackett Publishing Company},
	YEAR = {2006},
}

@book{wilson,
	AUTHOR = {Wilson, Curtis},
	TITLE = {William of {H}eytesbury: Medieval Logic and the Rise of Mathematical Physics},
	SERIES = {University of Wisconsin Publications in Medieval Science},
	VOLUME = {3},
	PUBLISHER = {University of Wisconsin Press},
	YEAR = {1956},
	CALL = {Robarts BC60 .H43 W5},
}

@book{hispanus,
	AUTHOR = {de Rijk, L. M. and Spruyt, Joke},
	TITLE = {{Peter of Spain (Petrus Hispanus Portugalensis): {\em Syncategoreumata}}},
	SERIES = {Studien und Texte Zur Geistesgeschichte des Mittelalters},
	VOLUME = {30},
	PUBLISHER = {E. J. Brill},
	ADDRESS = {Leiden},
	YEAR = {1992},
}

@book{longeway,
	TITLE = {{William Heytesbury, {\em On maxima and minima}. Chapter 5 of {\em Rules
for solving sophismata}, with an anonymous fourteenth-century discussion}},
	AUTHOR = {Longeway, John},
	PUBLISHER = {D. Reidel Publishing Company},
	ADDRESS = {Dordrecht},
	YEAR = {1984},
	SERIES = {Synthese Historical Library},
	VOLUME = {26},
}

@book{oresme2013,
	AUTHOR = {Stefano Caroti and Jean Celeyrette and Stefan Kirschner and Edmond Mazet},
	TITLE = {{Nicole Oresme, {\em Questiones super Physicam} (Books I--VII)}},
	YEAR = {2013},
	PUBLISHER = {Brill},
	VOLUME = {112},
	ADDRESS = {Leiden},
	SERIES = {Studien und Texte Zur Geistesgeschichte des Mittelalters},
}

@book{palmer,
	AUTHOR = {Palmer, John},
	TITLE = {Parmenides and {P}resocratic Philosophy},
	PUBLISHER = {Oxford University Press},
	YEAR = {2009},
}

@incollection{milton,
	TITLE = {The Limitations of Ancient Atomism},
	AUTHOR = {Milton, J. R.},
	PUBLISHER = {Oxford University Press},
	EDITOR = {C. J. Tuplin and T. E. Rihll},
	BOOKTITLE = {Science and Mathematics in Ancient Greek Culture},
	YEAR = {2002},
}

@book{bobzien,
	AUTHOR = {Bobzien, Susanne},
	TITLE = {Determinism and Freedom in {S}toic Philosophy},
	YEAR = {2001},
	PUBLISHER = {Oxford University Press},
}

@book{possekel,
	AUTHOR = {Possekel, Ute},
	TITLE = {Evidence of {G}reek Philosophical Concepts in the Writings of {E}phrem the {S}yrian},
	YEAR = {1999},
	PUBLISHER = {Peeters Publishers},
	ADDRESS = {Louvain},
	VOLUME = {580},
	SERIES = {Corpus Scriptorum Christianorum Orientalium},
}

@book{wolfsonIV,
	TITLE = {The philosophy of the {K}alam},
	AUTHOR = {Wolfson, Harry Austryn},
	YEAR = {1976},
	PUBLISHER = {Harvard University Press},
	SERIES = {Structure and Growth of Philosophic Systems from Plato to Spinoza},
	VOLUME = {IV},
}

@book{wolfson1929,
	AUTHOR = {Wolfson, Harry Austryn},
	TITLE = {Crescas' Critique of {A}ristotle: Problems of {A}ristotle's {P}hysics in {J}ewish and {A}rabic philosophy},
	PUBLISHER = {Harvard University Press},
	YEAR = {1929},
	SERIES = {Harvard Semitic Series},
	VOLUME = {VI},
}

@book{courtenay1978,
	AUTHOR = {Courtenay, William J.},
	TITLE = {Adam {W}odeham: An Introduction to His Life and Writings},
	PUBLISHER = {E. J. Brill},
	YEAR = {1978},
	ADDRESS = {Leiden},
}

@book{cleve,
	AUTHOR = {Cleve, Felix M.},
	TITLE = {The giants of pre-sophistic {G}reek philosophy: an attempt to reconstruct their thoughts},
	PUBLISHER = {Martinus Nijhoff},
	ADDRESS = {The Hague},
	YEAR = {1965},
}

@book{friedlander,
	AUTHOR = {Friedl\"ander, Paul},
	NOTE = {Translated by Hans Meyerhoff},
	TITLE = {Plato: an introduction},
	PUBLISHER = {Princeton University Press},
	YEAR = {1973},
}

@incollection{hallamaa,
	AUTHOR = {Hallamaa, Olli},
	TITLE = {Continuum, infinity and analysis in theology},
	PAGES = {375--388},
	SERIES = {Miscellanea Mediaevalia},
	VOLUME = {25},
	BOOKTITLE = {Raum und Raumvorstellungen im Mittelalter},
	EDITOR = {Aertsen, Jan A. von and Speer, Andreas},
	PUBLISHER = {Walter de Gruyter},
	YEAR = {1997},
}

@book{timaeus,
	AUTHOR = {Cornford, F. M.},
	TITLE = {Plato's cosmology: the {{\em Timaeus}} of {P}lato translated, with a running commentary},
	YEAR = {1937},
	PUBLISHER = {Kegan Paul},
	ADDRESS = {London},
}

@article{synan,
	AUTHOR = {Murdoch, John E. and Synan, Edward A.},
	JOURNAL = {Franciscan Studies},
	VOLUME = {26},
	NUMBER = {1},
	PAGES = {212--288},
	YEAR = {1966},
	TITLE = {Two Questions on the Continuum: {W}alter {C}hatton (?), {O.F.M.} and {A}dam {W}odeham, {O.F.M.}},
}

@book{storms,
	AUTHOR = {Storms, Godfrid},
	TITLE = {Anglo-{S}axon Magic},
	PUBLISHER = {Martinus Nijhoff},
	YEAR = {1949},
	ADDRESS = {The Hague},
}

@book{mantello,
	EDITOR = {Mantello, F. A. C. and Rigg, A. G.},
	TITLE = {Medieval Latin: An introduction and bibliographical guide},
	PUBLISHER = {The Catholic University of America Press},
	YEAR = {1996},
}

@book{graeser,
	AUTHOR = {Graeser, Andreas},
	TITLE = {Plotinus and the {S}toics: A Preliminary Study},
	YEAR = {1972},
	PUBLISHER = {E. J. Brill},
	ADDRESS = {Leiden},
}

@book{asclepiades,
	AUTHOR = {Vallance, J. T.},
	TITLE = {The lost theory of {A}sclepiades of {B}ithynia},
	PUBLISHER = {Clarendon Press},
	ADDRESS = {Oxford},
	YEAR = {1990},
}

@book{essentiis,
	AUTHOR = {Burnett, Charles},
	TITLE = {{Hermann of Carinthia {\em De essentiis}: a critical edition with translation
	and commentary}},
	PUBLISHER = {E. J. Brill},
	ADDRESS = {Leiden},
	YEAR = {1982},
	SERIES = {Studien und Texte Zur Geistesgeschichte des Mittelalters},
	VOLUME = {15},
}

@incollection{goodenough,
	AUTHOR = {Goodenough, Erwin R.},
	PUBLISHER = {Yale University Press},
	YEAR = {1932},
	PAGES = {115--164},
	EDITOR = {Harmon, Austin M.},
	VOLUME = {3},
	BOOKTITLE = {Yale Classical Studies},
	TITLE = {A Neo-{P}ythagorean Source in {P}hilo {J}udaeus},
}

@book{fox,
	AUTHOR = {Fox, Rory},
	TITLE = {Time and Eternity in Mid-Thirteenth-Century Thought},
	PUBLISHER = {Oxford University Press},
	YEAR = {2006},
	SERIES = {Oxford Theological Monographs},
}

@book{dodds,
	AUTHOR = {Dodds, E. R.},
	TITLE = {{Proclus: {\em The elements of theology}}},
	PUBLISHER = {Clarendon Press},
	ADDRESS = {Oxford},
	YEAR = {1963},
	EDITION = {second},
}

@article{brower-toland,
	AUTHOR = {Brower-Toland, Susan},
	TITLE = {Instantaneous Change and the Physics of Sanctification: ``Quasi-{A}ristotelianism'' in {H}enry of {G}hent's {Q}uodlibet {XV} q. 13},
	JOURNAL = {Journal of the History of Philosophy},
	PAGES = {19--46},
	YEAR = {2002},
	VOLUME = {40},
	NUMBER = {1},
}

@incollection{hussey,
	AUTHOR = {Hussey, Edward},
	PAGES = {117--160},
	TITLE = {Pythagoreans and {E}leatics},
	BOOKTITLE = {From the Beginning to Plato},
	SERIES = {Routledge History of Philosophy},
	VOLUME = {1},
	EDITOR = {Taylor, C. C. W.},
	PUBLISHER = {Routledge},
	YEAR = {1997},	
}

@book{taylor,
	AUTHOR = {Taylor, A. E.},
	TITLE = {Plato: The Man and His Work},
	EDITION = {fourth},
	YEAR = {2013},
	PUBLISHER = {Routledge},
}

@book{tatakis,
	TITLE = {Byzantine Philosophy},
	PUBLISHER = {Hackett Publishing Company},
	AUTHOR = {Tatakis, Basil},
	YEAR = {2003},
	NOTE = {Translated by Nicholas J. Moutafakis},
}

@book{selin,
	EDITOR = {Selin, Helaine},
	TITLE = {Encyclopaedia of the History of Science, Technology, and Medicine in Non-Western Cultures},
	YEAR = {2008},
	PUBLISHER = {Springer},
}

@book{nasr,
	AUTHOR = {Nasr, Seyyed},
	TITLE = {An Introduction to {I}slamic Cosmological Doctrines},
	PUBLISHER = {State University of New York Press},
	YEAR = {1993},
}

@book{alkindi,
	AUTHOR = {Adamson, Peter},
	TITLE = {Al-Kindi},
	PUBLISHER = {Oxford University Press},
	YEAR = {2007},
	SERIES = {Great Medieval Thinkers},
}

@book{adams2010,
	AUTHOR = {Adams, Marilyn McCord},
	YEAR = {2010},
	PUBLISHER = {Oxford University Press},
	TITLE = {Some Later Medieval Theories of the {E}ucharist: {T}homas {A}quinas, {G}iles of {R}ome,
	{D}uns {S}cotus, and {W}illiam {O}ckham},
}

@book{lycopolis,
	AUTHOR = {van der Horst, P. W. and Mansfeld, J.},
	PUBLISHER = {E. J. Brill},
	ADDRESS = {Leiden},
	YEAR = {1974},
	TITLE = {An {A}lexandrian {P}latonist Against Dualism: {A}lexander of {L}ycopolis' Treatise `{C}ritique of the Doctrines
	of {M}anichaeus'},
}

@book{megariker,
	AUTHOR = {D\"oring, Klaus},
	TITLE = {{Die Megariker: Kommentierte Sammlung der Testimonien}},
	YEAR = {1972},
	ADDRESS = {Amsterdam},
	PUBLISHER = {B. R. Gr\"uner N. V.},
	SERIES = {Studien zur antiken Philosophie},
	VOLUME = {2},
}

@book{pasnau,
	AUTHOR = {Pasnau, Robert},
	TITLE = {Metaphysical Themes 1274--1671},
	PUBLISHER = {Oxford University Press},
	YEAR = {2011},
}

@book{numenius,
	TITLE = {Numenius of {A}pamea, the Father of Neo-{P}latonism: Works, biography, message,
	sources, and influence},
	AUTHOR = {Guthrie, Kenneth Sylvan},
	YEAR = {1917},
	PUBLISHER = {George Bell and Sons},
	ADDRESS = {London},
}

@book{sylvanguthrie,
	AUTHOR = {Guthrie, Kenneth Sylvan},
	YEAR = {1987},
	PUBLISHER = {Phanes Press},
	ADDRESS = {Grand Rapids, MI},
	TITLE = {The {P}ythagorean Sourcebook and Library},
}

@book{iamblichus,
	TITLE = {Iamblichus: {\em The Theology of Arithmetic}},
	YEAR = {1988},
	AUTHOR = {Waterfield, Robin},
	PUBLISHER = {Phanes Press},
	ADDRESS = {Grand Rapids, MI},
}

@book{waterfield2009,
	AUTHOR = {Waterfield, Robin},
	YEAR = {2009},
	PUBLISHER = {Oxford University Press},
	SERIES = {Oxford World's Classics},
	TITLE = {The First Philosophers: The {P}resocratics and {S}ophists},
}

@book{waterfield2008,
	AUTHOR = {Aristotle},
	TITLE = {Physics},
	NOTE = {Translated by Robin Waterfield},
	SERIES = {Oxford World's Classics},
	PUBLISHER = {Oxford University Press},
	YEAR = {2008},
}

@article{eldredge,
	JOURNAL = {Vivarium},
	VOLUME = {17},
	NUMBER = {2},
	YEAR = {1979},
	AUTHOR = {Eldredge, Laurence},
	PAGES = {90--115},
	TITLE = {Late Medieval Discussions of the Continuum and the Point of the {M}iddle {E}nglish {P}atience},
}

@book{melville,
	AUTHOR = {Lucretius},
	TITLE = {On the Nature of the Universe},
	NOTE = {Translated from the Latin by Ronald Melville},
	SERIES = {Oxford World's Classics},
	PUBLISHER = {Oxford University Press},
	YEAR = {2009},
}

@article{tummers,
	TITLE = {Geometry and Theology in the {XIII}th century: An example of their interrelation as found in the {M}s {A}dmont 442. {T}he influence of {W}illiam of {A}uxerre?},
	AUTHOR = {Tummers, Paul M. J. E.},
	JOURNAL = {Vivarium},
	VOLUME = {18},
	NUMBER = {2},
	YEAR = {1980},
	PAGES = {112--142},
}

@book{vanwinden,
	AUTHOR = {van Winden, J. C. M.},
	TITLE = {Calcidius on Matter: His Doctrine and Sources},
	PUBLISHER = {E. J. Brill},
	ADDRESS = {Leiden},
	YEAR = {1965},
}

@book{omeara,
	AUTHOR = {O'Meara, Dominic J.},
	TITLE = {Pythagoras Revived: Mathematics and Philosophy in Late Antiquity},
	PUBLISHER = {Clarendon Press},
	ADDRESS = {Oxford},
	YEAR = {1989},
}

@book{syrianus13to14,
	AUTHOR = {Dillon, John and O'Meara, Dominic},
	TITLE = {{Syrianus: On Aristotle Metaphysics 13--14}},
	PUBLISHER = {Bloomsbury},
	YEAR = {2006},
	SERIES = {Ancient Commentators on Aristotle},
}

@incollection{stoicgod,
	AUTHOR = {Sedley, David},
	TITLE = {The origins of {S}toic {G}od},
	PAGES = {41--84},
	EDITOR = {Frede, Dorothea and Laks, Andr\'e},
	BOOKTITLE = {Traditions of Theology: Studies in Hellenistic Theology, its Background and Aftermath},
	PUBLISHER = {E. J. Brill},
	ADDRESS = {Leiden},
	SERIES = {Philosophia Antiqua},
	VOLUME = {89},
	YEAR = {2001},
}

@incollection{porro,
	AUTHOR = {Porro, Pasquale},
	TITLE = {Angelic measures: {\em Aevum} and Discrete Time},
	PAGES = {131--160},
	EDITOR = {Porro, Pasquale},
	BOOKTITLE = {The Medieval Concept of Time: The Scholastic Debate and its Reception in Early Modern Philosophy},
	PUBLISHER = {E. J. Brill},
	ADDRESS = {Leiden},
	YEAR = {2001},
	SERIES = {Studien und Texte Zur Geistesgeschichte des Mittelalters},
	VOLUME = {75},
}

@book{longsedleyI,
	AUTHOR = {Long, A. A. and Sedley, D. N.},
	TITLE = {The {H}ellenistic Philosophers. {V}olume 1: Translations of the principal sources, with philosophical commentary},
	PUBLISHER = {Cambridge University Press},
	YEAR = {1987},
}

@book{archytas,
	AUTHOR = {Huffman, Carl A.},
	TITLE = {Archtas of {T}arentum: {P}ythagorean, Philosopher and Mathematician King},
	PUBLISHER = {Cambridge University Press},
	YEAR = {2005},
}


@book{philolaus,
	AUTHOR = {Huffman, Carl A.},
	TITLE = {Philolaus of {C}roton: {P}ythagorean and {P}resocratic},
	YEAR = {2006},
	PUBLISHER = {Cambridge University Press},
}

@book{taylor2010,
	AUTHOR = {Taylor, C. C. W.},
	TITLE = {{The Atomists: Leucippus and Democritus. Fragments}},
	PUBLISHER = {University of Toronto Press},
	YEAR = {2010},
	SERIES = {Phoenix Presocratics},
	VOLUME = {5},
}

@book{coxon,
	AUTHOR = {Coxon, A. H.},
	TITLE = {The Fragments of {P}armenides},
	PUBLISHER = {Parmenides Publishing},
	ADDRESS = {Las Vegas},
	YEAR = {2009},
	NOTE = {Revised and expanded edition},
}

@book{xenophanes,
	AUTHOR = {Lesher, J. H.},
	TITLE = {Xenophanes of {C}olophon: Fragments},
	YEAR = {1992},
	PUBLISHER = {University of Toronto Press},
	SERIES = {Phoenix Presocratics},
	VOLUME = {4},
}

@book{meijering,
	AUTHOR = {Meijering, E. P.},
	TITLE = {{Hilary of Poitiers on the Trinity: {\em De Trinitate} 1, 1-19, 2, 3}},
	PUBLISHER = {E. J. Brill},
	ADDRESS = {Leiden},
	YEAR = {1982},
	SERIES = {Philosophia Patrum},
	VOLUME = {6},
}

@book{maspero,
	EDITOR = {Lucas Francisco Mateo-Seco and Giulio Maspero},
	TITLE = {The {B}rill Dictionary of {G}regory of {N}yssa},
	YEAR = {2009},
	SERIES = {Supplements to Vigiliae Christianae},
	VOLUME = {99},
	PUBLISHER = {E. J. Brill},
	ADDRESS = {Leiden},
}

@book{alfarabi,
	AUTHOR = {Mahdi, Muhsin},
	TITLE = {Alfarabi's philosophy of {P}lato and {A}ristotle},
	PUBLISHER = {Cornell University Press},
	YEAR = {2001},
	EDITION = {revised},
}

@incollection{blasius,
	TITLE = {Blasius of {P}arma facing atomist assumptions},
	BOOKTITLE = {Atomism in Late Medieval Philosophy and Theology},
	EDITOR = {Christophe Grellard and Aur\'elien Robert},
	AUTHOR = {Jo\"el Biard},
	PAGES = {221--234},
	PUBLISHER = {Brill},
	YEAR = {2009},
}

@book{kaye,
	TITLE = {Economy and Nature in the Fourteenth Century: Money, market exchange, and the emergence of scientific thought},
	AUTHOR = {Kaye, Joel},
	PUBLISHER = {Cambridge University Press},
	YEAR = {1998},
	SERIES = {Cambridge Studies in Medieval Life and Thought: Fourth Series},
	VOLUME = {35},
}

@book{villanovaII,
	EDITOR = {Michael R. McVaugh},
	TITLE = {{Arnaldi de Villanova Opera medica omnia, II: Aphorismi de gradibus}},
	YEAR = {1975},
	PUBLISHER = {Universitat de Barcelona},
}

@book{johndee,
	AUTHOR = {Clulee, Nicholas},
	TITLE = {John {D}ee's natural philosophy: between science and religion},
	PUBLISHER = {Routledge},
	YEAR = {2013},
}

@incollection{saxe,
	AUTHOR = {Jo\"el Biard},
	TITLE = {Albert de {S}axe et les sophismes de l'infini},
	BOOKTITLE = {Sophisms in Medieval Logic and Grammar},
	SERIES = {Nijhoff International Philosophy Series},
	VOLUME = {48},
	PUBLISHER = {Springer},
	YEAR = {1993},
	PAGES = {288--303},
	EDITOR = {Read, Stephen},
}

@incollection{jung,
	TITLE = {Richard {K}ilvington on continuity},
	AUTHOR = {El\.{z}bieta Jung and Robert Podko\'nski},
	PAGES = {65--84},
	PUBLISHER = {Brill},
	YEAR = {2009},
	BOOKTITLE = {Atomism in Late Medieval Philosophy and Theology},
	EDITOR = {Christophe Grellard and Aur\'elien Robert},
}

@book{kilvington,
	TITLE = {The Sophismata of {R}ichard {K}ilvington},
	AUTHOR = {Norman Kretzmann and Barbara Ensign Kretzmann},
	PUBLISHER = {Cambridge University Press},
	YEAR = {1990},
}

@incollection{mendell,
	AUTHOR = {Mendell, Henry},
	TITLE = {What's location got to do with it? {P}lace, space, and the infinite in classical
	{G}reek mathematics},
	PAGES = {15--64},
	PUBLISHER = {Birkh\"auser},
	BOOKTITLE = {Mathematizing Space: The Objects of Geometry from Antiquity to the Early Modern Age},
	EDITOR = {Vincenzo De Risi},
	YEAR = {2015},
	SERIES = {Trends in the History of Science},
}

@incollection{goodman,
	AUTHOR = {Goodman, L. E.},
	TITLE = {Time in {I}slam},
	PAGES = {138--162},
	BOOKTITLE = {Religion and Time},
	EDITOR = {Anindita Niyogi Balslev and J. N. Mohanty},
	PUBLISHER = {E. J. Brill},
	ADDRESS = {Leiden},
	SERIES = {Studies in the History of Religions},
	VOLUME = {54},
	YEAR = {1992},
}

@book{gaon,
	AUTHOR = {Rosenblatt, Samuel},
	TITLE = {{Saadia Gaon, {\em The Book of Beliefs and Opinions}}},
	SERIES = {Yale Judaica Series},
	VOLUME = {1},
	PUBLISHER = {Yale University Press},
	YEAR = {1948},
}

@incollection{zimmerman,
	AUTHOR = {Zimmerman, Fritz W.},
	PAGES = {343--363},
	TITLE = {{\em Kal\={a}m} and the {G}reeks},
	BOOKTITLE = {Islamic Cultures, Islamic Contexts: Essays in Honor of Professor Patricia Crone},
	EDITOR = {Asad Q. Ahmed and Behnam Sadeghi and Robert G. Hoyland and Adam Silverstein},
	PUBLISHER = {Brill},
	ADDRESS = {Leiden},
	YEAR = {2014},
	SERIES = {Islamic History and Civilization},
	VOLUME = {114},
}

@book{confessions,
	AUTHOR = {Augustine, Saint},
	TITLE = {Confessions},
	NOTE = {Translated from the Latin by Henry Chadwick},
	YEAR = {2009},
	PUBLISHER = {Oxford University Press},
	SERIES = {Oxford World's Classics},
}

@incollection{burnyeat,
	AUTHOR = {Burnyeat, M. F.},
	TITLE = {The sceptic in his place and time},
	PAGES = {225--254},
	BOOKTITLE = {Philosophy in History: Essays in the Historiography of Philosophy},
	EDITOR = {Richard Rorty and Jerome B. Schneewind and Quentin Skinner},
	PUBLISHER = {Cambridge University Press},
	YEAR = {1984},
}

@incollection{kalam,
	TITLE = {The {\em kalam} cosmological argument},
	PAGES = {101--201},
	AUTHOR = {William Lane Craig and James D. Sinclair},
	BOOKTITLE = {The Blackwell Companion to Natural Theology},
	EDITOR = {William Lane Craig and J. P. Moreland},
	PUBLISHER = {Wiley-Blackwell},
	YEAR = {2012},
}

@book{morison2002,
	AUTHOR = {Morison, Benjamin},
	TITLE = {On location: {A}ristotle's concept of place},
	SERIES = {Oxford Aristotle Studies},
	PUBLISHER = {Clarendon Press},
	ADDRESS = {Oxford},
	YEAR = {2002},
}

@book{wippel,
	AUTHOR = {Wippel, John F.},
	TITLE = {The Metaphysical Thought of {G}odfrey of {F}ontaines: A Study in Late Thirteenth-century Philosophy},
	PUBLISHER = {The Catholic University of America Press},
	YEAR = {1999},
}

@book{harvey,
	AUTHOR = {Harvey, Warren Zev},
	TITLE = {Physics and Metaphysics in {H}asdai {C}rescas},
	PUBLISHER = {J. C. Gieben},
	ADDRESS = {Amsterdam},
	YEAR = {1998},
	SERIES = {Amstedam Studies in Jewish Thought},
	VOLUME = {6},
}

@incollection{buridan,
	AUTHOR = {Murdoch, John E. and Thijssen, Johannes M. M. H.},
	TITLE = {John {B}uridan on infinity},
	BOOKTITLE = {The Metaphysics and Natural Philosophy of John Buridan},
	PAGES = {127--150},
	YEAR = {2000},
	EDITOR = {J. M. M. H. Thijssen and Jack Zupko},
	SERIES = {Medieval and Early Modern Science},
	VOLUME = {2},
	PUBLISHER = {Brill},
	CALL = {B765 .B844 M48},
}

@incollection{murdoch1963,
	AUTHOR = {Murdoch, John E.},
	TITLE = {The medieval language of proportions: Elements of the interaction
	with {G}reek foundations and the development of new mathematical
	techniques},
	ADDRESS = {London},
	PUBLISHER = {Heinemann},
	YEAR = {1963},
	EDITOR = {Crombie, A. C.},
	BOOKTITLE = {Scientific Change},
	CALL = {Gerstein Q125.S95},
}

@book{maierI,
	TITLE = {{Die Vorl\"aufer Galileis im 14. Jahrhundert}},
	AUTHOR = {Maier, Anneliese},
	YEAR = {1949},
	ADDRESS = {Rome},
	PUBLISHER = {Edizioni di Storia e Letteratura},
	NOTE = {Studien zur Naturphilosophie der Sp\"atscholastik, 1. Band},
	CALL = {Gerstein QC7.M25},
}

@book{maierII,
	TITLE = {{Zwei Grundprobleme der scholastischen Naturphilosophie}},
	AUTHOR = {Maier, Anneliese},
	YEAR = {1968},
	ADDRESS = {Rome},
	EDITION = {third},
	PUBLISHER = {Edizioni di Storia e Letteratura},
	NOTE = {Studien zur Naturphilosophie der Sp\"atscholastik, 2. Band},
}

@book{maierIII,
	TITLE = {{An der Grenze von Scholastik und Naturwissenschaft}},
	AUTHOR = {Maier, Anneliese},
	ADDRESS = {Rome},
	PUBLISHER = {Edizioni di Storia e Letteratura},
	YEAR = {1952},
	EDITION = {second},
	CALL = {St. Mike's B721.M238},
	NOTE = {Studien zur Naturphilosophie der Sp\"atscholastik, 3. Band},
}

@incollection{harclay,
	BOOKTITLE = {{Studi sul XIV secolo in memoria di Anneliese Maier}},
	TITLE = {Henry of {H}arclay and the infinite},
	EDITOR = {Agostino Paravicini Bagliani and Alfonso Maier\'u},
	AUTHOR = {Murdoch, John E.},
	PAGES = {219--261},
	ADDRESS = {Rome},
	PUBLISHER = {Edizioni di Storia e Letteratura},
	YEAR = {1981},
}

@incollection{thakkar,
	AUTHOR = {Thakkar, Mark},
	TITLE = {Mathematics in fourteenth-century theology},
	PAGES = {619--638},
	BOOKTITLE = {The Oxford Handbook of the History of Mathematics},
	EDITOR = {Robson, Eleanor and Stedall, Jacqueline},
	YEAR = {2009},
	PUBLISHER = {Oxford University Press},
}

@book{coope2005,
	AUTHOR = {Coope, Ursula},
	TITLE = {Time for {A}ristotle: {{\em Physics} IV.10--14}},
	PUBLISHER = {Clarendon Press},
	SERIES = {Oxford Aristotle Studies},
	ADDRESS = {Oxford},
	YEAR = {2005},
}

@incollection{murdoch1975,
	AUTHOR = {Murdoch, John E.},
	TITLE = {From Social into Intellectual Factors: An Aspect of the Unitary Character of Late Medieval Learning},
	BOOKTITLE = {The Cultural Context of Medieval Learning},
	SERIES = {Boston Studies in the Philosophy of Science},
	VOLUME = {26},
	YEAR = {1975},
	PAGES = {271--348},
	EDITOR = {Murdoch, John Emery and Sylla, Edith Dudley},
	PUBLISHER = {D. Reidel Publishing Company},
	ADDRESS = {Dordrecht},
}

@incollection{molland2001,
	AUTHOR = {Molland, George},
	TITLE = {Roger {B}acon's corpuscular tendencies (and some of {G}rosseteste's too)},
	PAGES = {57--73},
	BOOKTITLE = {Late Medieval and Early Modern Corpuscular Matter Theories},
	EDITOR = {Christoph L\"uthy and John E. Murdoch and William R. Newman},
	YEAR = {2001},
	PUBLISHER = {Brill},
	ADDRESS = {Leiden},
	SERIES = {Medieval and Early Modern Science},
	VOLUME = {1},
}

@incollection{lohr2001,
	AUTHOR = {Lohr, Charles},
	TITLE = {Ramon {L}ull's theory of the continuous and discrete},
	PAGES = {75--90},
	BOOKTITLE = {Late Medieval and Early Modern Corpuscular Matter Theories},
	EDITOR = {Christoph L\"uthy and John E. Murdoch and William R. Newman},
	YEAR = {2001},
	PUBLISHER = {Brill},
	ADDRESS = {Leiden},
	SERIES = {Medieval and Early Modern Science},
	VOLUME = {1},
}

@article{abraham,
	AUTHOR = {Abraham, William E.},
	TITLE = {The Nature of {Z}eno's Argument Against Plurality in {DK 29 B 1}},
	JOURNAL = {Phronesis},
	VOLUME = {17},
	NUMBER = {1},
	YEAR = {1972},
	PAGES = {40--52},
}

@incollection{murdoch2001,
	AUTHOR = {Murdoch, John E.},
	TITLE = {The medieval and {R}enaissance tradition of {\em minima naturalia}},
	PAGES = {91--131},
	BOOKTITLE = {Late Medieval and Early Modern Corpuscular Matter Theories},
	EDITOR = {Christoph L\"uthy and John E. Murdoch and William R. Newman},
	YEAR = {2001},
	PUBLISHER = {Brill},
	ADDRESS = {Leiden},
	SERIES = {Medieval and Early Modern Science},
	VOLUME = {1},
}

@incollection{henry2001,
	AUTHOR = {Henry, John},
	TITLE = {Void space, mathematical realism and {F}rancesco {P}atrizi da {C}herso's use of atomistic arguments},
	PAGES = {133--161},
	BOOKTITLE = {Late Medieval and Early Modern Corpuscular Matter Theories},
	EDITOR = {Christoph L\"uthy and John E. Murdoch and William R. Newman},
	YEAR = {2001},
	PUBLISHER = {Brill},
	ADDRESS = {Leiden},
	SERIES = {Medieval and Early Modern Science},
	VOLUME = {1},
}

@book{sarnowsky,
	AUTHOR = {Sarnowsky, J\"urgen},
	TITLE = {{Die aristotelisch-scholastische Theorie der Bewegung. Studien zum Kommentar Alberts von Sachsen zur Physik des Aristoteles}},
	PUBLISHER = {Aschendorff},
	ADDRESS = {M\"unster},
	YEAR = {1989},
	SERIES = {Beiträge zur Geschichte der Philosophie und Theologie des Mittelalters. Neue Folge},
	VOLUME = {32},
}

@book{wear,
	AUTHOR = {Wear, Sarah Klitenic},
	YEAR = {2011},
	TITLE = {The Teachings of {S}yrianus on {P}lato's {{\em Timaeus}} and {{\em Parmenides}}},
	PUBLISHER = {Brill},
	ADDRESS = {Leiden},
	SERIES = {Ancient Mediterranean and Medieval Texts and Contexts: Studies in Platonism, Neoplatonism, and the Platonic Tradition},
	VOLUME = {10},
}

@book{lagerlund,
	EDITOR = {Lagerlund, Henrik},
	TITLE = {Encyclopedia of Medieval Philosophy: Philosophy between 500 and 1500},
	PUBLISHER = {Springer},
	YEAR = {2011},
}

@incollection{kilwardby,
	AUTHOR = {Trifogli, Cecilia},
	TITLE = {Robert {K}ilwardby on time},
	PAGES = {209--238},
	EDITOR = {Lagerlund, Henrik and Thom, Paul},
	BOOKTITLE = {A Companion to the Philosophy of Robert Kilwardby},
	PUBLISHER = {Brill},
	ADDRESS = {Leiden},
	YEAR = {2012},
	SERIES = {Brill's Companions to the Christian Tradition},
	VOLUME = {37},
}

@article{trifogli1993,
	AUTHOR = {Trifogli, Cecilia},
	TITLE = {Giles of {R}ome on the instant of change},
	JOURNAL = {Synthese},
	PAGES = {93--114},
	VOLUME = {96},
	NUMBER = {1},
	YEAR = {1993},
}

@book{trifogli,
	AUTHOR = {Trifogli, Cecilia},
	TITLE = {Oxford physics in the thirteenth century (ca.~1250--1270): motion, infinity, place and time},
	PUBLISHER = {Brill},
	ADDRESS = {Leiden},
	YEAR = {2000},
	SERIES = {Studien und Texte zur Geistesgeschichte des Mittelalters},
	VOLUME =  {LXXII},
}

@article{trifogli2004,
	AUTHOR = {Trifogli, Cecilia},
	TITLE = {Duns {S}cotus and the medieval debate about the continuum},
	JOURNAL = {Medioevo},
	PAGES = {233--266},
	VOLUME = {24},
	YEAR = {2004},
}

@incollection{trifogli2013,
	AUTHOR = {Trifogli, Cecilia},
	TITLE = {Motion and time},
	PAGES = {267--300},
	EDITOR = {Alessandro Conti},
	BOOKTITLE = {A Companion to Walter Burley: Late Medieval Logician and Metaphysician},
	PUBLISHER = {E. J. Brill},
	ADDRESS = {Leiden},
	YEAR = {2013},
	SERIES = {Brill's Companions to the Christian Tradition},
	VOLUME = {41},
}

@incollection{sorabji1982,
	AUTHOR = {Sorabji, Richard},
	TITLE = {Time and time atoms},
	PAGES = {37--86},
	BOOKTITLE = {Infinity and Continuity in Ancient and Medieval Thought},
	EDITOR = {Kretzmann, Norman},
	PUBLISHER = {Cornell University Press},
	YEAR = {1982},
}

@incollection{miller1982,
	AUTHOR = {Miller Jr., Fred D.},
	TITLE = {Aristotle against the Atomists},
	PAGES = {87--111},
	BOOKTITLE = {Infinity and Continuity in Ancient and Medieval Thought},
	EDITOR = {Kretzmann, Norman},
	PUBLISHER = {Cornell University Press},
	YEAR = {1982},
}

@book{etudes,
	AUTHOR = {Duhem, Pierre},
	TITLE = {{\'E}tudes sur {L}\'eonard de {V}inci, troisi\`eme s\'erie: {L}es pr\'ecurseurs parisiens de {G}alil\'ee},
	ADDRESS = {Paris},
	PUBLISHER = {Librairie scientifique A. Hermann et fils},
	YEAR = {1913},
}

@book{ariew,
	AUTHOR = {Duhem, Pierre},
	TITLE = {Medieval cosmology: theories of infinity, place, time, void, and the plurality of worlds},
	PUBLISHER = {University of Chicago Press},
	NOTE = {Edited and translated by Roger Ariew, abridged from {\em Le Syst\`eme du monde}},
	YEAR = {1985},
}

@incollection{knorr1982,
	AUTHOR = {Knorr, Wilbur R.},
	TITLE = {Infinity and continuity: the interaction of mathematics and philosophy in antiquity},
	PAGES = {112--145},
	BOOKTITLE = {Infinity and Continuity in Ancient and Medieval Thought},
	EDITOR = {Kretzmann, Norman},
	PUBLISHER = {Cornell University Press},
	YEAR = {1982},
}

@incollection{abelard,
	AUTHOR = {King, Peter},
	BOOKTITLE = {The Cambridge Companion to Abelard},
	PAGES = {65--125},
	TITLE = {The metaphysics of {P}eter {A}belard},
	EDITOR = {Jeffrey E. Brower and Kevin Guilfoy},
	PUBLISHER = {Cambridge University Press},
	YEAR = {2004},
}

@incollection{mueller1982,
	AUTHOR = {Mueller, Ian},
	TITLE = {Aristotle and the quadrature of the circle},
	PAGES = {146--164},
	BOOKTITLE = {Infinity and Continuity in Ancient and Medieval Thought},
	EDITOR = {Kretzmann, Norman},
	PUBLISHER = {Cornell University Press},
	YEAR = {1982},
}

@incollection{mueller2003,
	AUTHOR = {Mueller, Ian},
	TITLE = {Greek arithmetic, geometry and harmonics: {T}hales to {P}lato},
	PAGES = {249--297},
	BOOKTITLE = {From the Beginning to Plato},
	SERIES = {Routledge History of Philosophy},
	VOLUME = {1},
	EDITOR = {Taylor, C. C. W.},
	PUBLISHER = {Routledge},
	YEAR = {1997},	
}

@incollection{murdoch1982,
	AUTHOR = {Murdoch, John E.},
	TITLE = {William of {O}ckham and the logic of infinity and continuity},
	PAGES = {165--207},
	BOOKTITLE = {Infinity and Continuity in Ancient and Medieval Thought},
	EDITOR = {Kretzmann, Norman},
	PUBLISHER = {Cornell University Press},
	YEAR = {1982},
}

@article{burley,
	TITLE = {Walter {B}urley's {{\em Physics}} Commentaries and the Mathematics of Alteration},
	JOURNAL = {Early Science and Medicine},
	VOLUME = {6},
	NUMBER = {3},
	YEAR = {2001},
	PAGES = {149--184},
	AUTHOR = {Sylla, Edith Dudley},
}

@incollection{stump1982,
	AUTHOR = {Stump, Eleonore},
	TITLE = {Theology and physics in {\em {D}e sacramento altaris}: {O}ckham's theory of indivisibles},
	PAGES = {207--230},
	BOOKTITLE = {Infinity and Continuity in Ancient and Medieval Thought},
	EDITOR = {Kretzmann, Norman},
	PUBLISHER = {Cornell University Press},
	YEAR = {1982},
}

@incollection{sylla1982,
	AUTHOR = {Sylla, Edith Dudley},
	TITLE = {Infinite indivisibles and continuity in fourteenth-century theories of alteration},
	PAGES = {231--257},
	BOOKTITLE = {Infinity and Continuity in Ancient and Medieval Thought},
	EDITOR = {Kretzmann, Norman},
	PUBLISHER = {Cornell University Press},
	YEAR = {1982},
}

@incollection{kretzmann1982,
	AUTHOR = {Kretzmann, Norman},
	TITLE = {Continuity, contrariety, contradiction, and change},
	PAGES = {270--296},
	BOOKTITLE = {Infinity and Continuity in Ancient and Medieval Thought},
	EDITOR = {Kretzmann, Norman},
	PUBLISHER = {Cornell University Press},
	YEAR = {1982},
}

@incollection{spade1982,
	AUTHOR = {Spade, Paul Vincent},
	TITLE = {Quasi-{A}ristotelianism},
	PAGES = {297--307},
	BOOKTITLE = {Infinity and Continuity in Ancient and Medieval Thought},
	EDITOR = {Kretzmann, Norman},
	PUBLISHER = {Cornell University Press},
	YEAR = {1982},
}

@book{spade,
	AUTHOR = {Burley, Walter},
	TITLE = {On the purity of the art of logic: the shorter and longer treatises},
	PUBLISHER = {Yale University Press},
	YEAR = {2000},
	NOTE = {Translated from the Latin by Paul Vincent Spade},
}

@book{sirat,
	AUTHOR = {Sirat, Colette},
	TITLE = {A History of {J}ewish Philosophy in the Middle Ages},
	PUBLISHER = {Cambridge University Press},
	YEAR = {1985},
}

@incollection{brown,
	AUTHOR = {Brown, Stephen},
	TITLE = {{Walter Burley, Peter Aureoli and Gregory of Rimini}},
	PAGES = {368--385},
	BOOKTITLE = {Medieval Philosophy},
	EDITOR = {Marenbon, John},
	PUBLISHER = {Routledge},
	YEAR = {1998},
	SERIES = {Routledge History of Philosophy},
	VOLUME = {3},
}

@incollection{normore1982,
	AUTHOR = {Normore, Calvin G.},
	TITLE = {Walter {B}urley on continuity},
	PAGES = {258--269},
	BOOKTITLE = {Infinity and Continuity in Ancient and Medieval Thought},
	EDITOR = {Kretzmann, Norman},
	PUBLISHER = {Cornell University Press},
	YEAR = {1982},
}

@book{odaly,
	AUTHOR = {O'Daly, Gerard},
	TITLE = {Augustine's Philosophy of Mind},
	PUBLISHER = {University of California Press},
	YEAR = {1987},
}

@book{trinity815,
	EDITOR = {Matthews, Gareth B.},
	NOTE = {Translated by Stephen McKenna},
	TITLE = {{Augustine: {\em On the Trinity}, Books 8--15}},
	PUBLISHER = {Cambridge University Press},
	YEAR = {2002},
	SERIES = {Cambridge Texts in the History of Philosophy},
}

@incollection{knuutila,
	AUTHOR = {Knuuttila, Simo},
	TITLE = {Time and creation in {A}ugustine},
	PAGES = {81--97},
	EDITOR = {David Vincent Meconi and Eleonore Stump},
	BOOKTITLE = {The Cambridge Companion to Augustine},
	EDITION = {second},
	PUBLISHER = {Cambridge University Press},
	YEAR = {2014},
}

@incollection{albus,
	TITLE = {Plato in Infinitum Remisse Incipit Esse Albus},
	AUTHOR = {Knuuttila, Simo and Lehtinen, Anja Inkeri},
	BOOKTITLE = {Essays in Honour of Jaakko Hintikka},
	SERIES = {Synthese Library},
	PUBLISHER = {D. Reidel Publishing Company},
	ADDRESS = {Dordrecht},
	VOLUME = {124},
	YEAR = {1979},
	PAGES = {309--329},
	EDITOR = {Esa Saarinen and Risto Hilpinen and Ilkka Niiniluoto and Merrill Provence Hintikka},
}

@book{goldstein,
	EDITOR = {Goldstein, Helen Tunik},
	TITLE = {Averroes' Questions in Physics},
	PUBLISHER = {Kluwer Academic Publishers},
	YEAR = {1991},
	SERIES = {The New Synthese Historical Library},
	VOLUME = {39},
}

@book{galle,
	AUTHOR = {Galle, Griet},
	TITLE = {Peter of {A}uvergne: {Q}uestions on {A}ristotle's {{\em De caelo}}. {A} critical edition with an interpretative essay},
	PUBLISHER = {Leuven University Press},
	YEAR = {2003},
	SERIES = {De Wulf-Mansion Centre, Ancient and Medieval Philosophy},
	VOLUME = {XXIX},
}

@book{auvergne,
	AUTHOR = {Galle, Griet},
	YEAR = {2003},
	TITLE = {{Peter of Auvergne, Questions on Aristotle's {\em De caelo}}},
	PUBLISHER = {Leuven University Press},
}

@book{teske,
	AUTHOR = {Teske, Roland J.},
	TITLE = {{William of Auvergne: {\em The universe of creatures}}},
	PUBLISHER = {Marquette University Press},
	YEAR = {1998},
	SERIES = {Mediaeval Philosophical Texts in Translation},
	NUMBER = {35},
}

@incollection{lewis2012,
	AUTHOR = {Lewis, Neil},
	TITLE = {Robert {G}rosseteste and {R}ichard {R}ufus of {C}ornwall on Unequal Infinites},
	PAGES = {227--256},
	EDITOR = {Jack P. Cunningham},
	PUBLISHER = {Pontifical Institute of Mediaeval Studies},
	ADDRESS = {Toronto},
	YEAR = {2012},
	BOOKTITLE = {Robert Grosseteste: His Thought and Its Impact},
}

@book{riminiIII,
	TITLE = {{Gregorii Ariminensis OESA Lectura super primum et secundum Sententiarum, tomus III: Super primum (Dist. 19--48)}},
	PUBLISHER = {Walter de Gruyter},
	YEAR = {1984},
	EDITOR = {Trapp, A. Damasus and Marcolino, Venicio},
}

@article{rimini,
	JOURNAL = {Medieval Philosophy and Theology},
	TITLE = {Infinity, Continuity, and Composition: The Contribution of {G}regory of {R}imini},
	AUTHOR = {Cross, Richard},
	YEAR = {1998},
	VOLUME = {7},
	PAGES = {89--110},
	NUMBER = {1},
}

@incollection{lewis2005,
	AUTHOR = {Lewis, Neil},
	TITLE = {Robert {G}rosseteste and the Continuum},
	PAGES = {159--188},
	EDITOR = {Ludger and Honnefelder and Rega Wood and
	Mechthild Dreyer and Marc-Aeilko Aris},
	BOOKTITLE = {Albertus Magnus und die Anf\"ange der Aristoteles-Rezeption im lateinischen Mittelalter},
	PUBLISHER = {Aschendorff Verlag},
	ADDRESS = {M\"unster},
	YEAR = {2005},
}

@book{hoenen,
	TITLE = {Marsilius of {I}nghen: Divine Knowledge in Late Medieval Thought},
	AUTHOR = {M. J. F. M. Hoenen},
	PUBLISHER = {E. J. Brill},
	YEAR = {1993},
	ADDRESS = {Leiden},
}

@incollection{whittaker,
	AUTHOR = {Whittaker, John},
	TITLE = {Philological Comments on the {N}eoplatonic Notion of Infinity},
	PAGES = {155--172},
	YEAR = {1976},
	BOOKTITLE = {The Significance of Neoplatonism},
	EDITOR = {R. Baine Harris},
	PUBLISHER = {State University of New York Press},
	SERIES = {Studies in Neoplatonism},
	VOLUME = {1},
}

@book{dolnikowski,
	AUTHOR = {Dolnikowski, Edith Wilks},
	TITLE = {Thomas {B}radwardine: A View of Time and a Vision of Eternity in Fourteenth-Century Thought},
	PUBLISHER = {E. J. Brill},
	YEAR = {1995},
	ADDRESS = {Leiden},
	SERIES = {Studies in the History of Christian Thought},
	VOLUME = {65},
}

@book{bolotin,
	AUTHOR = {Bolotin, David},
	TITLE = {An Approach to {A}ristotle's Physics},
	PUBLISHER = {State University of New York Press},
	YEAR = {1997},
}

@book{gaskin,
	AUTHOR = {Gaskin, Richard},
	TITLE = {The Sea Battle and the Master Argument: {A}ristotle and
	{D}iodorus {C}ronus on the Metaphysics of the Future},
	PUBLISHER = {Walter de Gruyter},
	YEAR = {1995},
	SERIES = {Quellen und Studien zur Philosophie},
	VOLUME = {40},
}

@book{polansky,
	AUTHOR = {Polansky, Ronald},
	TITLE = {Aristotle's {\em {D}e anima}: a critical commentary},
	PUBLISHER = {Cambridge University Press},
	YEAR = {2007},
}

@book{horky,
	AUTHOR = {Horky, Phillip Sidney},
	TITLE = {Plato and {P}ythagoreanism},
	PUBLISHER = {Oxford University Press},
	YEAR = {2013},
}

@book{wallis,
	TITLE = {Neoplatonism},
	AUTHOR = {Wallis, R. T.},
	PUBLISHER = {Duckworth},
	ADDRESS = {London},
	YEAR = {1972},
}

@book{roark,
	TITLE = {Aristotle on time: a study of the {\em {P}hysics}},
	PUBLISHER = {Cambridge University Press},
	YEAR = {2011},
	AUTHOR = {Roark, Tony},
}

@book{moraliaXIII,
	AUTHOR = {Cherniss, Harold},
	TITLE = {Plutarch's {\em Moralia}, volume {XIII}, part {II}},
	PUBLISHER = {Harvard University Press},
	YEAR = {1976},
	SERIES = {Loeb Classical Library},
	VOLUME = {470},
}

@book{bett,
	AUTHOR = {Bett, Richard},
	TITLE = {Sextus Empiricus: {\em {A}gainst the Physicists}},
	PUBLISHER = {Cambridge University Press},
	YEAR = {2012},
	
}

@book{cherniss,
	AUTHOR = {Cherniss, Harold},
	TITLE = {Aristotle's criticism of {P}resocratic philosophy},
	PUBLISHER = {Johns Hopkins University Press},
	YEAR = {1935},
}

@book{antiphon,
	AUTHOR = {Pendrick, Gerard J.},
	TITLE = {Antiphon the {S}ophist: the fragments},
	PUBLISHER = {Cambridge University Press},
	SERIES = {Cambridge Classical Texts and Commentaries},
	VOLUME = {39},
	YEAR = {2002},
}

@book{kidd,
	AUTHOR = {Kidd, I. G.},
	TITLE = {Posidonius, volume {II}. {T}he commentary: i. {T}estimonia and fragments 1--149},
	PUBLISHER = {Cambridge University Press},
	YEAR = {1988},
	SERIES = {Cambridge Classical Texts and Commentaries},
	VOLUME = {14a},
}

@book{demuris,
	AUTHOR = {Busard, H. L. L.},
	TITLE = {{Johannes de Muris, {\em De arte mensurandi}}},
	YEAR = {1998},
	PUBLISHER = {Franz Steiner Verlag},
	ADDRESS = {Stuttgart},
	SERIES = {Boethius},
	VOLUME = {41},
}

@book{wehrliVIII,
	AUTHOR = {Wehrli, Fritz},
	TITLE = {{Die Schule des Aristoteles: Texte und Kommentar. Heft VIII: Eudemos von Rhodos}},
	YEAR = {1955},
	PUBLISHER = {Benno Schwabe \& Co.},
	ADDRESS = {Basel},
}

@book{lettinck,
	AUTHOR = {Lettinck, Paul},
	TITLE = {Aristotle's {{\em Physics}} and its Reception in the {A}rabic World},
	PUBLISHER = {E. J. Brill},
	ADDRESS = {Leiden},
	YEAR = {1994},
	SERIES = {Aristoteles Semitico-Latinus},
	VOLUME = {7},
}

@article{kohler,
	AUTHOR = {Kohler, George},
	TITLE = {Medieval Infinities in Mathematics and the Contribution of {G}ersonides},
	JOURNAL = {History of Philosophy Quarterly},
	VOLUME = {23},
	NUMBER = {2},
	YEAR = {2006},
	PAGES = {95--116},
}

@book{glasner,
	AUTHOR = {Glasner, Ruth},
	TITLE = {Averroes' Physics: A Turning Point in Medieval Natural Philosophy},
	PUBLISHER = {Oxford University Press},
	YEAR = {2009},
}

@article{luria,
	AUTHOR = {Luria, S.},
	TITLE = {{Die Infinitesimaltheorie der antike Atomisten}},
	JOURNAL = {Quellen und Studien zur Geschichte der Mathematik, Abteilung B},
	YEAR = {1932},
	VOLUME = {2},
	PAGES = {106--185},
}

@book{annas,
	EDITOR = {Julia Annas and Jonathan Barnes},
	PUBLISHER = {Cambridge University Press},
	YEAR = {2000},
	TITLE = {Sextus {E}mpiricus: {\em {O}utlines of Scepticism}},
	SERIES = {Cambridge Texts in the History of Philosophy},
}

@incollection{wagner,
	AUTHOR = {Wagner, Michael F.},
	TITLE = {Plotinus on the nature of physical reality},
	PAGES = {130--170},
	BOOKTITLE = {The Cambridge Companion to Plotinus},
	EDITOR = {Lloyd P. Gerson},
	PUBLISHER = {Cambridge University Press},
	YEAR = {1996},
}

@book{drozdek,
	AUTHOR = {Drozdek, Adam},
	TITLE = {In the Beginning was the {\em Apeiron}: Infinity in {G}reek philosophy},
	YEAR = {2008},
	PUBLISHER = {Franz Steiner Verlag},
	VOLUME = {94},
	SERIES = {Palingenesia. Schriftenreihe fur Klassische Altertumswissenschaft},
}

@book{burkert,
	TITLE = {Lore and Science in Ancient {P}ythagoreanism},
	AUTHOR = {Burkert, Walter},
	NOTE = {Translated from the German by Edwin L. Minar, Jr.},
	PUBLISHER = {Harvard University Press},
	YEAR = {1972},
}

@book{snell,
	AUTHOR = {Snell, Bruno},
	TITLE = {The discovery of the mind: the {G}reek origins of {E}uropean thought},
	PUBLISHER = {Harper},
	ADDRESS = {New York},
	YEAR = {1960},
	NOTE = {Translated from the German by T. G. Rosenmeyer},
}

@book{gaiser,
	AUTHOR = {Gaiser, Konrad},
	TITLE = {{Platons ungeschriebene Lehre. Studien zur systematischen und geschichtlichen Begr\"undung der Wissenschaften in der Platonischen Schule}},
	EDITION = {third},
	YEAR = {1998},
	PUBLISHER = {Klett-Cotta},
	ADDRESS = {Stuttgart},
}

@article{diodorus,
	AUTHOR = {Sedley, David},
	JOURNAL = {Proceedings of the Cambridge Philological Society (New Series)},
	TITLE = {Diodorus {C}ronus and {H}ellenistic Philosophy},
	PAGES = {74--120},
	YEAR = {1977},
	VOLUME = {23},
}

@book{sweeney,
	AUTHOR = {Sweeney, Leo},
	TITLE = {Infinity in the {P}resocratics: a bibliographical and philosophical study},
	YEAR = {1972},
	PUBLISHER = {Martinus Nijhoff},
	ADDRESS = {The Hague},
}

@book{sweeney1992,
	AUTHOR = {Sweeney, Leo},
	TITLE = {Divine infinity in {G}reek and medieval thought},
	PUBLISHER = {Peter Lang},
	ADDRESS = {New York},
	YEAR = {1992},
}

@incollection{GCI2,
	AUTHOR = {Sedley, David},
	TITLE = {{\em On generation and corruption} I.2},
	PAGES = {65--90},
	BOOKTITLE = {Aristotle's {\em {O}n generation and corruption} I},
	YEAR = {2004},
	EDITOR = {Haas, Frans de and Mansfeld, Jaap},
	PUBLISHER = {Oxford University Press},
	SERIES = {Symposium Aristotelicum},
	NUMBER = {15},
}

@incollection{sedley,
	TITLE  = {Parmenides and {M}elissus},
	AUTHOR = {Sedley, David},
	PAGES = {113--133},
	EDITOR = {Long, A. A.},
	BOOKTITLE = {The Cambridge Companion to Early Greek Philosophy},
	PUBLISHER = {Cambridge University Press},
	YEAR = {1999},	
}

@incollection{mckirahan,
	TITLE  = {Parmenides and {M}elissus},
	AUTHOR = {Mckirahan Jr., Richard D.},
	PAGES = {134--158},
	EDITOR = {Long, A. A.},
	BOOKTITLE = {The Cambridge Companion to Early Greek Philosophy},
	PUBLISHER = {Cambridge University Press},
	YEAR = {1999},	
}

@incollection{graham,
	TITLE  = {Empedocles and {A}naxagoras: Responses to {P}armenides},
	AUTHOR = {Graham, Daniel W.},
	PAGES = {159--180},
	EDITOR = {Long, A. A.},
	BOOKTITLE = {The Cambridge Companion to Early Greek Philosophy},
	PUBLISHER = {Cambridge University Press},
	YEAR = {1999},	
}

@book{kirk,
	AUTHOR = {Kirk, G. S. and Raven, J. E. and Schofield, M.},
	EDITION = {second},
	YEAR = {1983},
	PUBLISHER = {Cambridge University Press},
	TITLE = {The {P}resocratic Philosophers: A Critical History with a Selection of Texts},
}

@book{faris,
	AUTHOR = {Faris, J. A.},
	TITLE = {The paradoxes of {Z}eno},
	PUBLISHER = {Avebury},
	YEAR = {1996},
	SERIES = {Avebury Series in Philosophy},
}

@incollection{opsomer,
	AUTHOR = {Opsomer, Jan},
	TITLE = {The integration of {A}ristotelian physics in a {N}eoplatonic context: {P}roclus on movers and divisibility},
	PAGES = {189--229},
	BOOKTITLE = {Physics and Philosophy of Nature in Greek Neoplatonism},
	PUBLISHER = {Brill},
	ADDRESS = {Leiden},
	YEAR = {2009},
	EDITOR = {Riccardo Chiaradonna and Franco Trabattoni},
	SERIES = {Philosophia Antiqua: A Series of Studies on Ancient Philosophy},
	VOLUME = {115},
}

@book{gould,
	AUTHOR = {Gould, Josiah B.},
	PUBLISHER = {E. J. Brill},
	ADDRESS = {Leiden},
	YEAR = {1970},
	TITLE = {The Philosophy of {C}hrysippus},
	VOLUME = {XVII},
	SERIES = {Philosophia Antiqua: A Series of Monographs on Ancient Philosophy},
}

@book{cleary,
	AUTHOR = {Cleary, John J.},
	TITLE = {Aristotle and mathematics: aporetic method in cosmology and metaphysics},
	PUBLISHER = {E. J. Brill},
	SERIES = {Philosophia Antiqua: A Series of Studies on Ancient Philosophy},
	VOLUME = {LXVII},
	ADDRESS = {Leiden},
	YEAR = {1995},
}

@book{algra,
	AUTHOR = {Algra, Keimpe},
	TITLE = {Concepts of space in {G}reek thought},
	PUBLISHER = {E. J. Brill},
	YEAR = {1995},
	ADDRESS = {Leiden},
	SERIES = {Philosophia Antiqua: A Series of Studies on Ancient Philosophy},
	VOLUME = {LXV},
}

@book{russo,
	AUTHOR = {Russo, Lucio},
	TITLE = {The Forgotten Revolution},
	PUBLISHER = {Springer},
	YEAR = {2004},
	NOTE = {Translated from the Italian by Silvio Levy},
}

@book{dijksterhuis,
	Author = {E. J. Dijksterhuis},
	Note = {Translated by C. Dikshoorn},
	Publisher = {Princeton University Press},
	Title = {Archimedes},
	Year = {1987},
}

@book{HGMI,
	AUTHOR = {Heath, Thomas},
	TITLE = {A history of {G}reek mathematics, volume {I}},
	PUBLISHER = {Clarendon Press},
	ADDRESS = {Oxford},
	YEAR = {1921},
}

@book{HGMII,
	AUTHOR = {Heath, Thomas},
	TITLE = {A history of {G}reek mathematics, volume {II}},
	PUBLISHER = {Clarendon Press},
	ADDRESS = {Oxford},
	YEAR = {1921},
}

@book{heatharchimedes,
	TITLE = {The works of {A}rchimedes},
	PUBLISHER = {Cambridge University Press},
	AUTHOR = {Heath, Thomas},
	YEAR = {1897},
}

@book{heatharistotle,
	AUTHOR = {Heath, Thomas},
	TITLE = {Mathematics in {A}ristotle},
	PUBLISHER = {Claredon Press},
	ADDRESS = {Oxford},
	YEAR = {1949},
}

@book{gallop,
	AUTHOR = {Gallop, David},
	TITLE = {Parmenides of {E}lea: Fragments},
	YEAR = {2000},
	VOLUME = {1},
	SERIES = {Phoenix Presocratics},
	PUBLISHER = {University of Toronto Press},
}

@book{curd2007,
	AUTHOR = {Curd, Patricia},
	TITLE = {Anaxagoras of {C}lazomenae: Fragments and Testomonia},
	SERIES = {Phoenix Presocratics},
	VOLUME = {6},
	PUBLISHER = {University of Toronto Press},
	YEAR = {2007},
}

@book{monism,
	AUTHOR = {Curd, Patricia},
	TITLE = {The Legacy of {P}armenides: {E}leatic Monism and Later {P}resocratic Thought},
	PUBLISHER = {Princeton University Press},
	YEAR = {1998},
}

@book{ross,
	AUTHOR = {Ross, David},
	TITLE = {Aristotle},
	PUBLISHER = {Methuen},
	YEAR = {1966},
	ADDRESS = {London},
	EDITION = {fifth},
}

@book{raven,
	AUTHOR = {Raven, J. E.},
	TITLE = {{Pythagoreans and Eleatics}},
	PUBLISHER = {Cambridge University Press},
	YEAR = {1948},
}

@article{owen,
	TITLE = {Zeno and the mathematicians},
	AUTHOR = {G. E. L. Owen},
	JOURNAL = {Proceedings of the Aristotelian Society},
	VOLUME = {58},
	YEAR = {1957--1958},
	PAGES = {199--222},
}

@article{lear,
	AUTHOR = {Lear, Jonathan},
	TITLE = {A Note on {Z}eno's Arrow},
	JOURNAL = {Phronesis},
	VOLUME = {26},
	NUMBER = {2},
	YEAR = {1981},
	PAGES = {91--104},
}

@article{hasper,
	AUTHOR = {Pieter Sjoerd Hasper},
	TITLE = {Zeno unlimited},
	YEAR = {2006},
	VOLUME = {30},
	JOURNAL = {Oxford Studies in Ancient Philosophy},
	PAGES = {49--85},
}

@book{experiments,
	AUTHOR = {Solmsen, Friedrich},
	TITLE = {Intellectual Experiments of the {G}reek {E}nlightenment},
	PUBLISHER = {Princeton University Press},
	YEAR = {1975},
}

@book{solmsen,
	AUTHOR = {Solmsen, Friedrich},
	TITLE = {Aristotle's system of the physical world: a comparison with his predecessors},
	PUBLISHER = {Cornell University Press},
	YEAR = {1960},
}

@book{wodeham,
	SERIES = {Synthese Historical Library},
	VOLUME = {31},
	AUTHOR = {Wood, Rega},
	PUBLISHER = {Kluwer Academic Publishers},
	TITLE = {Adam de {W}odeham: {T}ractatus de indivisibilibus. {A} Critical Edition with Introduction, Translation, and Textual Notes},
	YEAR = {1988},
}

@book{hankinson,
	AUTHOR = {Hankinson, R. J.},
	TITLE = {Cause and Explanation in Ancient {G}reek Thought},
	PUBLISHER = {Oxford University Press},
	YEAR = {2001},
}

@book{sceptics,
	TITLE = {The {S}ceptics},
	AUTHOR = {Hankinson, R. J.},
	PUBLISHER = {Routledge},
	YEAR = {1995},
	SERIES = {Arguments of the Philosophers},
}

@book{reisman,
	AUTHOR = {McGinnis, Jon and Reisman, David C.},
	TITLE = {Classical {A}rabic Philosophy: An Anthology of Sources},
	PUBLISHER = {Hackett Publishing},
	YEAR = {2007},
}

@book{mcginnis,
	TITLE = {Avicenna},
	AUTHOR = {McGinnis, Jon},
	PUBLISHER = {Oxford University Press},
	YEAR = {2010},
	SERIES = {Great Medieval Thinkers},
}

@book{goddu,
	AUTHOR = {Goddu, Andr\'e},
	TITLE = {The Physics of William of Ockham},
	PUBLISHER = {Brill},
	YEAR = {1984},
	SERIES = {Studien und Texte zur Geistesgeschichte des Mittelalters},
	VOLUME = {16},
}

@book{davenport,
	AUTHOR = {Anne A. Davenport},
	TITLE = {Measure of a Different Greatness: The Intensive Infinite, 1250--1650},
	SERIES = {Studien und Texte zur Geistesgeschichte des Mittelalters},
	VOLUME = {67},
	PUBLISHER = {Brill},
	YEAR = {1999},
}

@book{aquinas,
	AUTHOR = {Aquinas, Thomas},
	TITLE = {{Commentary on Aristotle's {\em Physics}}},
	NOTE = {Translated from the Latin by Richard J. Blackwell, Richard J. Spath, and W. Edmund Thirlkel},
	PUBLISHER = {Routledge \& Kegan Paul},
	ADDRESS = {London},
	YEAR = {1963},
}

@incollection{furley1982,
	TITLE = {The {G}reek commentators' treatment of {A}ristotle's theory of the continuum},
	AUTHOR = {Furley, David J.},
	BOOKTITLE = {Infinity and Continuity in Ancient and Medieval Thought},
	EDITOR = {Norman Kretzmann},
	PUBLISHER = {Cornell University Press},
	YEAR = {1982},
	PAGES = {17--36},
}

@book{twostudies,
	AUTHOR = {Furley, David J.},
	TITLE = {Two studies in the {G}reek Atomists},
	PUBLISHER = {Princeton University Press},
	YEAR = {1967},
}

@incollection{indivisibles,
	AUTHOR = {Murdoch, John E.},
	TITLE = {Beyond {A}ristotle: indivisibles and infinite divisibility in the later {M}iddle {A}ges},
	PAGES = {15--38},
	PUBLISHER = {Brill},
	YEAR = {2009},
	BOOKTITLE = {Atomism in Late Medieval Philosophy and Theology},
	EDITOR = {Christophe Grellard and Aur\'elien Robert},
}

@book{schofield,
	AUTHOR = {Schofield, Malcolm},
	TITLE = {An essay on {A}naxagoras},
	PUBLISHER = {Cambridge University Press},
	YEAR = {1980},
}

@book{lee,
	TITLE = {Zeno of {E}lea; a text, with translation and notes},
	AUTHOR = {Lee, H. D. P.},
	PUBLISHER = {Cambridge University Press},
	YEAR = {1936},
}

@book{freeman,
	AUTHOR = {Freeman, Kathleen},
	TITLE = {The Pre-{S}ocratic Philosophers},
	YEAR = {1946},
	PUBLISHER = {Basil Blackwell},
	ADDRESS = {Oxford},
}

@book{levin,
	AUTHOR = {Levin, Flora R.},
	PUBLISHER = {Cambridge University Press},
	TITLE = {Greek Reflections on the Nature of Music},
	YEAR = {2009},
}

@book{ancilla,
	TITLE = {Ancilla to the Pre-{S}ocratic Philosophers},
	AUTHOR = {Freeman, Kathleen},
	YEAR = {1983},
	PUBLISHER = {Harvard University Press},
}

@book{barker,
	AUTHOR = {Barker, Andrew},
	YEAR = {2004},
	TITLE = {Greek Musical Writings, vol. {II}: Harmonic and Acoustic Theory},
	SERIES = {Cambridge Readings in the Literature of Music},
	PUBLISHER = {Cambridge University Press},
}

@book{boyer,
	AUTHOR = {Boyer, Carl B.},
	TITLE = {The History of the Calculus and Its Conceptual Development},
	PUBLISHER = {Dover Publications},
	YEAR = {1959},
}

@incollection{praxiphanes,
	TITLE = {{``Praxiphanes of Rhodes held the same opinions as Theophrastus'' (Epiphanius, {\em De fide} 9.38)}},
	AUTHOR = {Sharples, Robert W.},
	PAGES = {463--476},
	YEAR = {2012},
	PUBLISHER = {Transaction Publishers},
	SERIES = {Rutgers University Studies in Classical Humanities},
	VOLUME = {XVIII},
	BOOKTITLE = {Praxiphanes of Mytilene and Chamaeleon of Heraclea: Text, Translation,
	and Discussion},
	EDITOR = {Martano, Andrea and Matelli, Elisabetta and Mirhady, David},
}

@incollection{heraclides,
	AUTHOR = {Sharples, Robert W.},
	TITLE = {``{U}njointed masses'': a note on {H}eraclides' physical theory},
	PAGES = {139--154},
	BOOKTITLE = {Heraclides of Pontus: Discussion},
	PUBLISHER = {Transaction Publishers},
	YEAR = {2009},
	SERIES = {Rutgers University Studies in Classical Humanities},
	VOLUME = {XV},
	EDITOR = {William W. Fortenbaugh and Elizabeth Pender},
}

@book{theophrastus,
	AUTHOR = {Sharples, Robert W.},
	TITLE = {Theophrastus of {E}resus: Sources for his Life, Writings, Thought and Influence. {C}ommentary, volume 3.1: Sources on Physics},
	PUBLISHER = {Brill},
	ADDRESS = {Leiden},
	YEAR = {1998},
	SERIES = {Philosophia Antiqua: A Series of Studies on Ancient Philosophy},
	VOLUME = {LXXIX},
}

@book{lloyd1966,
	TITLE = {Polarity and Analogy: Two Types of Argumentation in Early {G}reek Thought},
	AUTHOR = {Lloyd, G. E. R.},
	PUBLISHER = {Cambridge University Press},
	YEAR = {1966},
}

@article{lloyd1968,
	AUTHOR = {Lloyd, G. E. R.},
	TITLE = {Plato as a natural scientist},
	JOURNAL = {Journal of Hellenic Studies},
	VOLUME = {88},
	YEAR = {1968},
	PAGES = {78--92},
}

@book{lloyd1979,
	AUTHOR = {Lloyd, G. E. R.},
	TITLE = {Magic, reason and experience: studies in the origin and development of {G}reek science},
	PUBLISHER = {Cambridge University Press},
	YEAR = {1979},
}

@incollection{strato,
	AUTHOR = {Sharples, Robert W.},
	TITLE = {Strato of {L}ampsacus: the sources, texts and translations},
	PAGES = {5--229},
	PUBLISHER = {Transaction Publishers},
	YEAR = {2011},
	SERIES = {Rutgers University Studies in Classical Humanities},
	VOLUME = {XVI},
	EDITOR = {Marie-Laurence Desclos and William W. Fortenbaugh},
	BOOKTITLE = {Strato of Lampsacus: Text, Translation, and Discussion},
}

@article{cajori1920,
	AUTHOR = {Cajori, Florian},
	TITLE = {The Purpose of {Z}eno's Arguments on Motion},
	JOURNAL = {Isis},
	VOLUME = {3},
	NUMBER = {1},
	PAGES = {7--20},
	YEAR = {1920},
}

@book{white,
	TITLE = {The Continuous and the Discrete: Ancient Physical Theories from a Contemporary Perspective},
	AUTHOR = {White, Michael J.},
	PUBLISHER = {Clarendon Press},
	ADDRESS = {Oxford},
	YEAR = {1992},
}

@incollection{white2003,
	AUTHOR = {White, Michael J.},
	TITLE = {Stoic natural philosophy (physics and cosmology)},
	PAGES = {124--152},
	BOOKTITLE = {The Cambridge Companion to the Stoics},
	EDITOR = {Inwood, Brad},
	YEAR = {2003},
	PUBLISHER = {Cambridge University Press},
}

@incollection{charlton,
	AUTHOR = {Charlton, William},
	TITLE = {Aristotle's potential infinities},
	PAGES = {129--149},
	EDITOR = {Lindsay Judson},
	BOOKTITLE = {Aristotle's {\em Physics}: A Collection of Essays},
	PUBLISHER = {Clarendon Press},
	ADDRESS = {Oxford},
	YEAR = {1991},
}

@incollection{inwood,
	AUTHOR = {Inwood, Michael},
	TITLE = {Aristotle on the reality of time},
	PAGES = {151--178},
	EDITOR = {Lindsay Judson},
	BOOKTITLE = {Aristotle's {\em Physics}: A Collection of Essays},
	PUBLISHER = {Clarendon Press},
	ADDRESS = {Oxford},
	YEAR = {1991},
}

@incollection{bostock1991,
	AUTHOR = {Bostock, David},
	TITLE = {{Aristotle on continuity in {\em Physics} VI}},
	PAGES = {179--212},
	EDITOR = {Lindsay Judson},
	BOOKTITLE = {Aristotle's {\em Physics}: A Collection of Essays},
	PUBLISHER = {Clarendon Press},
	ADDRESS = {Oxford},
	YEAR = {1991},
}

@article{chihara,
	TITLE = {On the Possibility of Completing an Infinite Process},
	AUTHOR = {Chihara, Charles S.},
	VOLUME = {74},
	NUMBER = {1},
	YEAR = {1965},
	PAGES = {74--87},
	JOURNAL = {The Philosophical Review},
}

@book{rudavsky,
	AUTHOR = {Rudavsky, Tamar},
	YEAR = {2000},
	TITLE = {Time matters: time, creation, and cosmology in medieval {J}ewish philosophy},
	PUBLISHER = {State University of New York Press},
}

@book{inwood-gerson,
	AUTHOR = {Inwood, Brad and Gerson, L. P.},
	TITLE = {Hellenistic Philosophy: Introductory Readings},
	EDITION = {second},
	PUBLISHER = {Hackett Publishing Company},
	YEAR = {1997},
}

@article{gersonides,
	AUTHOR = {Rudavsky, Tamar},
	JOURNAL = {Journal of the History of Philosophy},
	VOLUME = {26},
	NUMBER = {1},
	YEAR = {1988},
	PAGES = {25--44},
	TITLE = {Creation, time and infinity in {G}ersonides},
}

@article{bostock1972,
	TITLE = {Aristotle, {Z}eno, and the Potential Infinite},
	AUTHOR = {David Bostock},
	JOURNAL = {Proceedings of the Aristotelian Society},
	VOLUME = {73},
	PAGES = {37--51},
	YEAR = {1972/1973},
}

@article{chrysippus,
	JOURNAL = {Apeiron},
	VOLUME = {7},
	YEAR = {1973},
	NUMBER = {1},
	TITLE = {Chrysippus on infinite divisibility ({D}iogenes {L}aertius {VII}.150)},
	AUTHOR = {Todd, Robert B.},
	PAGES = {21--29},
}

@incollection{rashed,
	AUTHOR = {Rashed, Marwan},
	TITLE = {Natural philosophy},
	PAGES = {287--307},
	BOOKTITLE = {The Cambridge Companion to Arabic Philosophy},
	EDITOR = {Peter Adamson and Richard C. Taylor},
	YEAR = {2005},
	PUBLISHER = {Cambridge University Press},
}

@incollection{rashed2009,
	AUTHOR = {Rashed, Marwan},
	TITLE = {{Th\={a}bit ibn {Q}urra, la {\em Physique} d'Aristote et le meilleur des mondes}},
	PAGES = {675--714},
	EDITOR = {Rashed, Roshdi},
	BOOKTITLE = {Th\={a}bit ibn {Q}urra: Science and Philosophy in Ninth-Century Baghdad},
	PUBLISHER = {Walter de Gruyter},
	YEAR = {2009},
}

@incollection{rashed2000,
	TITLE = {Al-Sijz\={i} and Maimonides: A Mathematical and Philosophical Commentary on {P}roposition {II}--14 in {A}pollonius' {{\em Conic Sections}}},
	AUTHOR = {Rashed, Roshdi},
	EDITOR = {Robert S. Cohen and Hillel Levine},
	BOOKTITLE = {Maimonides and the Sciences},
	SERIES = {Boston Studies in the Philosophy of Science},
	PUBLISHER = {Kluwer Academic Publishers},
	VOLUME = {211},
	YEAR = {2000},
	PAGES = {159--172},
}

@book{quaestiones11,
	AUTHOR = {Sharples, Robert W.},
	PUBLISHER = {Duckworth},
	ADDRESS = {London},
	YEAR = {1992},
	TITLE = {Alexander of {A}phrodisias {{\em Quaestiones}} 1.1--2.15},
}

@book{dales,
	AUTHOR = {Dales, Richard C.},
	TITLE = {Medieval discussions of the eternity of the world},
	PUBLISHER = {E. J. Brill},
	ADDRESS = {Leiden},
	YEAR = {1990},
}

@article{dales1984,
	AUTHOR = {Dales, Richard C.},
	TITLE = {Henry of {H}arclay on the infinite},
	JOURNAL = {Journal for the History of Ideas},
	PAGES = {295--301},
	YEAR = {1984},
	VOLUME = {45},
	NUMBER = {2},
}

@book{quaestiones216,
	AUTHOR = {Sharples, Robert W.},
	PUBLISHER = {Duckworth},
	ADDRESS = {London},
	YEAR = {1994},
	TITLE = {Alexander of {A}phrodisias {{\em Quaestiones}} 2.16--3.15},
}

@incollection{eudemus,
	AUTHOR = {Sharples, Robert W.},
	TITLE = {Eudemus' {{\em Physics}}: change, place and time},
	BOOKTITLE = {Eudemus of Rhodes},
	EDITOR = {Istv\'an Bodn\'ar and William F. Fortenbaugh},
	PAGES = {107--126},
	PUBLISHER = {Transaction Publishers},
	YEAR = {2002},
	SERIES = {Rutgers University Studies in Classical Humanities},
	VOLUME = {XI},
}

@book{alexander,
	AUTHOR = {Todd, Robert B.},
	PUBLISHER = {E. J. Brill},
	YEAR = {1976},
	ADDRESS = {Leiden},
	TITLE = {Alexander of {A}phrodisias on {S}toic physics: A Study of the {D}e Mixtione with preliminary essays, text, translation and commentary},
	SERIES = {Philosophia Antiqua: A Series of Monographs on Ancient Philosophy},
	VOLUME = {XXVIII},
}

@book{dillon,
	AUTHOR = {Dillon, John M.},
	TITLE = {{The Middle Platonists, 80 B.C. to A.D. 220}},
	PUBLISHER = {Cornell University Press},
	YEAR = {1977},
	EDITION = {revised},
}

@book{heirs,
	AUTHOR = {Dillon, John M.},
	PUBLISHER = {Clarendon Press},
	ADDRESS = {Oxford},
	YEAR = {2003},
	TITLE = {The Heirs of {P}lato: A study of the {O}ld {A}cademy (347--274 {BC})},
}

@book{proclus,
	TITLE = {{Proclus' Commentary on Plato's {\em Parmenides}}},
	PUBLISHER = {Princeton University Press},
	EDITOR = {Glenn R. Morrow and John M. Dillon},
	YEAR = {1987},
}

@book{grant1974,
	EDITOR = {Grant, Edward},
	TITLE = {A Source Book in Medieval Science},
	YEAR = {1974},
	PUBLISHER = {Harvard University Press},
}

@book{conway,
	TITLE = {Faith Views the Universe: A {T}homistic Perspective},
	AUTHOR = {Conway, Pierre},
	YEAR = {1997},
	PUBLISHER = {University Press of America},
}

@book{wildberg,
	AUTHOR = {Wildberg, Christian},
	TITLE = {Philoponus: {{\em Against Aristotle, on the eternity of the world}}},
	SERIES = {Ancient Commentators on Aristotle},
	PUBLISHER = {Duckworth},
	YEAR = {1987},
}

@article{grunbaum,
	AUTHOR = {Gr\"unbaum, Adolf},
	TITLE = {Can an infinitude of operations be performed in a finite time?},
	JOURNAL = {British J. Philos. Sci.},
	VOLUME = {20},
	YEAR = {1969},
	PAGES = {203--218},
}

@book{sorabji2004,
	EDITOR = {Sorabji, Richard},
	PUBLISHER = {Duckworth},
	ADDRESS = {London},
	YEAR = {2004},
	TITLE = {The Philosophy of the Commentators, 200--600 {AD}. {A} Sourcebook. {V}olume 2. {P}hysics},
}

@book{sorabji,
	AUTHOR = {Sorabji, Richard},
	TITLE = {Time, Creation and the Continuum: theories in antiquity and the {E}arly {M}iddle {A}ges},
	PUBLISHER = {University of Chicago Press},
	YEAR = {1983},
}

@incollection{snyder,
	BOOKTITLE = {A Companion to Albert the Great: Theology, Philosophy, and the Sciences},
	EDITOR = {Irven Resnick},
	YEAR = {2013},
	PUBLISHER = {Brill},
	TITLE = {Albert's physics},
	AUTHOR = {Twetten, David and Baldner, Steven and Snyder, Steven C.},
	PAGES = {173--219},
}

@book{kouremenos1995,
	AUTHOR = {Kouremenos, Theokritos},
	PUBLISHER = {Franz Steiner Verlag},
	ADDRESS = {Stuttgart},
	SERIES = {Palingenesia},
	YEAR = {1995},
	VOLUME = {58},
	TITLE = {Aristotle on Mathematical Infinity},
}

@book{szabo,
	AUTHOR = {Szab\'o, \'Arp\'ad},
	TITLE = {The beginnings of {G}reek mathematics},
	PUBLISHER = {D. Reidel Publishing Company},
	ADDRESS = {Dordrecht},
	VOLUME = {17},
	SERIES = {Sythese Historical Library},
	YEAR = {1978},
	NOTE = {Translated from the German by A. M. Ungar},
}


@book{sambursky,
	AUTHOR = {Sambursky, Samuel},
	TITLE = {Physics of the {S}toics},
	PUBLISHER = {Routledge and Kegan Paul},
	ADDRESS = {London},
	YEAR = {1959},
}

@book{sambursky1962,
	AUTHOR = {Sambursky, Samuel},
	TITLE = {The physical world of late antiquity},
	PUBLISHER = {Routledge and Kegan Paul},
	YEAR = {1962},
	ADDRESS = {London},
}

@book{sambursky1963,
	AUTHOR = {Sambursky, Samuel},
	TITLE = {The physical world of the {G}reeks},
	PUBLISHER = {Routledge and Kegan Paul},
	ADDRESS = {London},
	YEAR = {1963},
}

@book{barnes,
	AUTHOR = {Barnes, Jonathan},
	TITLE = {The {P}resocratic philosophers},
	PUBLISHER = {Routledge \& Kegan Paul},
	SERIES = {Arguments of the Philosophers},
	YEAR = {1982},
}

@book{parmenides,
	TITLE = {{Plato and Parmenides: Parmenides' {\em Way of Truth} and Plato's {\em Parmenides} translated with an introduction
	and a running commentary}},
	AUTHOR = {Cornford, F. M.},
	PUBLISHER = {Routledge \& Kegan Paul},
	ADDRESS = {London},
	YEAR = {1964},
}

@book{religion,
	AUTHOR = {Cornford, F. M.},
	TITLE = {From Religion to Philosophy: A Study in the Origins of {W}estern Speculation},
	PUBLISHER = {Princeton University Press},
	YEAR = {1991},
}

@book{allen,
	EDITION = {revised},
	AUTHOR = {Allen, R. E.},
	TITLE = {Plato's {{\em Parmenides}}},
	PUBLISHER = {Yale University Press},
	YEAR = {1997},
}

@book{hett,
	AUTHOR = {Hett, W. S.},
	TITLE = {Aristotle. Minor Works},
	PUBLISHER = {Harvard University Press},
	YEAR = {1936},
	SERIES = {Loeb Classical Library},
	VOLUME = {307},
}

@book{mourelatos,
	AUTHOR = {Mourelatos, Alexander P. D.},
	TITLE = {The route of {P}armenides},
	PUBLISHER = {Yale University Press},
	YEAR = {1970},
}

@book{corollaries,
	AUTHOR = {Urmson, J. O.},
	TITLE = {Simplicius: {C}orollaries on Place and Time},
	PUBLISHER = {Bloomsbury},
	YEAR = {2014},
	SERIES = {Ancient Commentators on Aristotle},
}

@incollection{konstan,
	AUTHOR = {Konstan, David},
	PAGES = {431--464},
	TITLE = {Problems in {E}picurean Physics},
	BOOKTITLE = {Essays in Ancient Greek Philosophy, volume II},
	YEAR = {1983},
	EDITOR = {John P. Anton and Anthony Preus},
	PUBLISHER = {State University of New York Press},
}

@book{simplicius6,
	TITLE = {Simplicius: {O}n {A}ristotle {P}hysics 6},
	EDITOR = {David Konstan},
	PUBLISHER = {Bloomsbury},
	YEAR = {2014},
	SERIES = {Ancient Commentators on Aristotle},
}

@book{HGPII,
	AUTHOR = {Guthrie, W. K. C.},
	TITLE = {A History of {G}reek Philosophy, volume {II}: The {P}resocratic Tradition from {P}armenides to {D}emocritus},
	PUBLISHER = {Cambridge University Press},
	YEAR = {1965},
}

@article{immerwahr,
	TITLE = {An Interpretation of {Z}eno's Stadium Paradox},
	AUTHOR = {John Immerwahr},
	JOURNAL = {Phronesis},
	VOLUME = {23},
	NUMBER = {1},
	YEAR = {1978},
	PAGES = {22--26},
}

@incollection{vlastos1971,
	AUTHOR = {Gregory Vlastos},
	TITLE = {A {Z}enonian argument against plurality},
	EDITOR = {John P. Anton and George L. Kustas},
	BOOKTITLE = {Essays in Ancient Greek Philosophy},
	PUBLISHER = {SUNY Press},
	YEAR = {1971},
	PAGES = {119--144},
}

@article{vlastos1966,
	AUTHOR = {Gregory Vlastos},
	TITLE = {A note on {Z}eno's {A}rrow},
	JOURNAL = {Phronesis},
	VOLUME = {11},
	NUMBER = {1},
	YEAR = {1966},
	PAGES = {3--18},
}

@article{vlastos1965,
	AUTHOR = {Gregory Vlastos},
	TITLE = {Minimal parts in {E}picurean atomism},
	JOURNAL = {Isis},
	VOLUME = {56},
	NUMBER = {2},
	YEAR = {1965},
	PAGES = {121--147},
}

@article{race,
	JOURNAL = {Journal of the History of Philosophy},
	VOLUME = {4},
	NUMBER = {2},
	YEAR = {1966},
	PAGES = {95--108},
	AUTHOR = {Gregory Vlastos},
	TITLE = {Zeno's race course},	
}

@incollection{matson,
	TITLE = {Zeno Moves!},
	AUTHOR = {Matson, Wallace I.},
	BOOKTITLE = {Essays in Ancient Greek Philosophy VI: Before Plato},
	EDITOR = {Anthony Preus},
	PAGES = {},
	PUBLISHER = {SUNY Press},
	YEAR = {2001},
}
