@book{hawkins,
	AUTHOR = {Hawkins, Thomas},
	TITLE = {Lebesgue's theory of integration: its origins and development},
	PUBLISHER = {AMS Chelsea Publishing},
	ADDRESS = {Providence, RI},
	EDITION = {second},
	YEAR = {2001},
}

@incollection{pringsheim,
        AUTHOR = {Pringsheim, Alfred},
        PUBLISHER = {B. G. Teubner},
        EDITOR = {Burkhardt, H. and Wirtinger, W. and Fricke, R.},
        ADDRESS = {Leipzig},
        YEAR = {1899--1916},
        TITLE = {{Grundlagen der allgemeinen Funktionenlehre}},
        BOOKTITLE = {Encyklop\"adie der mathematischen Wissenschaften mit
Einschluss ihrer Anwendungen, Band II, 1. Teil, 1. H\"alfte},
        PAGES = {1--53},
}

@article{neuenschwander,
	AUTHOR = {Neuenschwander, Erwin},
	TITLE = {Riemann's example of a continuous, `nondifferentiable' function},
	JOURNAL = {Math. Intelligencer},
	VOLUME = {1},
	NUMBER = {1},
	PAGES = {40--44},
	YEAR = {1978},
}

@article{riemann,
        AUTHOR = {Riemann, Bernhard},
        TITLE = {{Ueber die Darstellbarkeit einer Function durch eine trigonometrische Reihe}},
        JOURNAL = {Abhandlungen der K\"oniglichen Gesellschaft der Wissenschaften zu G\"ottingen},
        VOLUME = {13},
        YEAR = {1866/1867},
        PAGES = {87--132},
        NOTE = {Gesammelte mathematische Werke, second ed., vol. II, 227--271},
}