@book{glotz,
	AUTHOR = {Glotz, Gustave},
	TITLE = {{The \AE{}gean Civilization}},
	PUBLISHER = {Kegan Paul},
	YEAR = {2003},
}

@incollection{akrotiri,
	AUTHOR = {Michailidou, A.},
	TITLE = {The Lead Weights from {Akrotiri}: The Archaeological Record},
	PAGES = {407--419},
	EDITOR = {Hardy, D. A. and Doumas, C. G. and Sakellarakis, J. A. and Warren, P. M.},
	BOOKTITLE = {Thera and the Aegean World III, volume one: Archaeology},
	PUBLISHER = {The Thera Foundation},
	ADDRESS = {London},
	YEAR = {1990},
}

@article{petruso,
	AUTHOR = {Petruso, Karl M.},
	TITLE = {Marks on some {Minoan} balance weights and their interpretation},
	JOURNAL = {Kadmos: Zeitschrift f\"ur vor- und fr\"uhgriechische Epigraphik},
	PAGES = {26--42},
	VOLUME = {17},
	NUMBER = {1},
	YEAR = {1978},
}

@book{hellenistic2004,
	EDITOR = {Bagnall, Roger S. and Derow, Peter},
	TITLE = {{The Hellenistic Period: Historical Sources in Translation}},
	PUBLISHER = {Blackwell Publishing},
	YEAR = {2004},
	SERIES = {Blackwell Sourcebooks in Ancient History},
	VOLUME = {1},
}

@incollection{rahmstorf,
	AUTHOR = {Rahmstorf, Lorenz},
	TITLE = {{The concept of weighing during the Bronze Age in the Aegean, the Near East and Europe}},
	PAGES = {88--105},
	EDITOR = {Morley, Iain and Renfrew, Colin},
	BOOKTITLE = {The Archaeology of Measurement:
Comprehending Heaven, Earth and Time in Ancient Societies},
	PUBLISHER = {Cambridge University Press},
	YEAR = {2010},
}

@incollection{corolla,
	BOOKTITLE = {{Corolla Numismatica. Numismatic Essays in Honour of Barclay V. Head}},
	EDITOR = {Hill, G. F.},
	PUBLISHER = {Oxford University Press},
	YEAR = {1906},
	AUTHOR = {Evans, Arthur},
	TITLE = {{Minoan weights and mediums of currency, from Crete, Mycenae and Cyprus}},
	PAGES = {336--367},
}

@book{knossosII2,
	AUTHOR = {Evans, Arthur},
	TITLE = {{The Palace of Minos: a comparative account of the successive stages of the early Cretan civilization as illustrated by the discoveries at Knossos. Volume II: Part 2}},
	PUBLISHER = {Macmillan and Co.},
	ADDRESS = {London},
	YEAR = {1928},	
}

@book{knossosIV2,
	AUTHOR = {Evans, Arthur},
	TITLE = {{The Palace of Minos: a comparative account of the successive stages of the early Cretan civilization as illustrated by the discoveries at Knossos. Volume IV: Part 2}},
	PUBLISHER = {Macmillan and Co.},
	ADDRESS = {London},
	YEAR = {1935},	
}

@article{thonemann,
	AUTHOR = {Thonemann, Peter},
	TITLE = {{Estates and the Land in Early Hellenistic Asia Minor: The Estate of Krateuas}},
	JOURNAL = {Chiron: Mitteilungen der Kommission f\"ur Alte Geschichte und Epigraphik},
	VOLUME = {39},
	YEAR = {2009},
	PAGES = {363--393},
}

@book{pernice,
	AUTHOR = {Pernice, Erich},
	TITLE = {{Griechische Gewichte}},
	PUBLISHER = {Weidmannsche Buchhandlung},
	ADDRESS = {Berlin},
	YEAR = {1894},
}

@book{PLondV,
	EDITOR = {Bell, H. I.},
	TITLE = {{Greek Papyri in the British Museum, Vol. V}},
	PUBLISHER = {British Museum},
	ADDRESS = {London},
	YEAR = {1917},
}

@article{bagnall1996,
	AUTHOR = {Bagnall, Roger S. and Manning, Joseph G. and Sidebotham, Steven E. and Zitterkopf, Ronald E.},
	TITLE = {{A Ptolemaic Inscription from Bir 'Iayyan}},
	JOURNAL = {Chronique d'\'Egypte},
	VOLUME = {71},
	NUMBER = {142},
	YEAR = {1996},
	PAGES = {317--330},
}

@article{lang1956,
	AUTHOR = {Lang, Mabel},
	TITLE = {Numerical Notation on {Greek} Vases},
	JOURNAL = {Hesperia: The Journal of the American School of Classical Studies at Athens},
	VOLUME = {25},
	NUMBER = {1},
	PAGES = {1--24},
	YEAR = {1956},
}

@article{grace1934,
	AUTHOR = {Grace, Virginia},
	TITLE = {Stamped Amphora Handles Found in 1931--1932},
	JOURNAL = {Hesperia: The Journal of the American School of Classical Studies at Athens},
	VOLUME = {3},
	NUMBER = {3},
	PAGES = {197--310},
	YEAR = {1934},
}

@book{engels,
	TITLE = {{Alexander the Great and the logistics of the Macedonian army}},
	AUTHOR = {Engels, Donald W.},
	PUBLISHER = {University of Califronia Press},
	YEAR = {1978},
}

@book{eratosthenes,
	AUTHOR = {Roller, Duane W.},
	TITLE = {{Eratosthenes' {\em Geography}}},
	PUBLISHER = {Princeton University Press},
	YEAR = {2010},
}

@book{dicks,
	AUTHOR = {Dicks, D. R.},
	TITLE = {The Geographical Fragments of {H}ipparchus},
	PUBLISHER = {University of London, Athlone Press},
	YEAR = {1960},
}

@book{walbankII,
	AUTHOR = {Walbank, F. W.},
	TITLE = {{A Historical Commentary on Polybius, Volume II: Commentary on Books VII--XVIII}},
	PUBLISHER = {Clarendon Press},
	ADDRESS = {Oxford},
	YEAR = {1967},
}

@book{SEHHW,
	AUTHOR = {Rostovtzeff, M.},
	TITLE = {The Social and Economic History of the {Hellenistic} World, 3 vols.},
	PUBLISHER = {Clarendon Press},
	ADDRESS = {Oxford},
	YEAR = {1953},
}

@book{chadwick,
	AUTHOR = {Chadwick, John},
	TITLE = {The {Mycenaean} World},
	PUBLISHER = {Cambridge University Press},
	YEAR = {1976},
}

@book{ventris,
	AUTHOR = {Ventris, Michael and Chadwick, John},
	TITLE = {{Documents in Mycenaean Greek:
Three Hundred Selected Tablets from Knossos, Pylos and Mycenae with Commentary and Vocabulary}},
	PUBLISHER = {Cambridge University Press},
	YEAR = {1973},
	EDITION = {second},
}

@book{naphtali,
	AUTHOR = {Lewis, Naphtali},
	TITLE = {Life in {Egypt} under {Roman} Rule},
	PUBLISHER = {Clarendon Press},
	ADDRESS = {Oxford},
	YEAR = {1983},
}

@book{pbrem,
	AUTHOR = {Wilcken, Ulrich},
	TITLE = {{Die Bremer Papyri}},
	SERIES = {Abhandlungen der Preussischen Akademie der Wissenschaften, Jahrgang 1936. Phil.-hist. Klasse. Nr. 2},
	YEAR = {1936},
	PUBLISHER = {Verlag der Akademie der Wissenschaften, in Kommission bei Walter de Gruyter},
	ADDRESS = {Berlin},
}

@book{wilcken,
	AUTHOR = {Wilcken, Ulrich},
	TITLE = {{Grundz\"uge und Chrestomathie der Papyruskunde. Erster Band: Historischer Teil. Zweite H\"alfte: Chrestomathie}},
	PUBLISHER = {B. G. Teubner},
	ADDRESS = {Leipzig-Berlin},
	YEAR = {1912},
}

@incollection{RLA7,
	EDITOR = {Edzard, Dietz Otto},
	BOOKTITLE = {{Reallexikon der Assyriologie und Vorderasiatischen Arch\"aologie. Bd. 7. Libanuk\v{s}aba\v{s} -- Medizin}},
	PUBLISHER = {Walter de Gruyter},
	YEAR = {1987--1990},
	AUTHOR = {Powell, M. A.},
	TITLE = {{Ma{\ss}e und Gewichte}},
	PAGES = {457--517},
}

@incollection{hout,
	EDITOR = {Edzard, Dietz Otto},
	BOOKTITLE = {{Reallexikon der Assyriologie und Vorderasiatischen Arch\"aologie. Bd. 7. Libanuk\v{s}aba\v{s} -- Medizin}},
	PUBLISHER = {Walter de Gruyter},
	YEAR = {1987--1990},
	AUTHOR = {{van den Hout}, Th. P. J.},
	TITLE = {{Ma{\ss}e und Gewichte. Bei den Hethitern}},
	PAGES = {517--527},
}

@book{PRyl2,
	EDITOR = {Johnson, J. de M. and Martin, Victor and Hunt, Arthur S.},
	TITLE = {{Catalogue of the Greek papyri in the John Rylands Library, Manchester. Volume II. Documents of the Ptolemaic and Roman Periods (Nos. 62--456)}},
	PUBLISHER = {Manchester University Press},
	YEAR = {1915},
}

@book{berggren,
	TITLE = {Ptolemy's {{\em Geography}}: An Annotated Translation of the Theoretical Chapters},
	AUTHOR = {Berggren, J. Lennart and Jones, Alexander},
	YEAR = {2000},
	PUBLISHER = {Princeton University Press},
}

@incollection{bivar,
	BOOKTITLE = {{The Cambridge History of Iran. Volume 2: The Median and Achaemenian Periods}},
	EDITOR = {Gershevitch, Ilya},
	AUTHOR = {Bivar, A. D. H.},
	TITLE = {Achaemenid coins, weights and measures},
	PAGES = {610--639},
	PUBLISHER = {Cambridge University Press},
	YEAR = {1985},
}

@article{vogel,
	TITLE = {{Beitr\"age zur griechischen Logistik. Erster Teil}},
	JOURNAL = {Sitzungsberichte der mathematisch-naturwissenschaftlichen Abteilung der Bayerischen Akademie der Wissenschaften zu M\"unchen},
	YEAR = {1936},
	PAGES = {357--472},
	AUTHOR = {Vogel, Kurt},
}

@book{segre,
	AUTHOR = {Segr\`e, Angelo},
	TITLE = {Metrologia e circolazione monetaria degli antichi},
	PUBLISHER = {N. Zanichelli},
	ADDRESS = {Bologna},
	YEAR = {1928},
}

@article{brashear1985,
	AUTHOR = {Brashear, William},
	TITLE = {{Holz- und Wachstafeln der Sammlung Kiseleff}},
	JOURNAL = {Enchoria. Zeitschrift f\"ur Demotistik und Koptologie},
	VOLUME = {13},
	PAGES = {13--23},
	YEAR = {1985},
}

@book{marrou,
	AUTHOR = {Marrou, H. I.},
	TITLE = {A History of Education in Antiquity},
	NOTE = {Translated by George Lamb},
	PUBLISHER = {Sheed and Ward},
	ADDRESS = {New York},
	YEAR = {1956},
}

@book{ward,
	AUTHOR = {Ward, John},
	TITLE = {Greek coins and their parent cities},
	NOTE = {Accompanied by a catalogue of the author's collection
	by G. F. Hill, M.A., of the British Museum},
	PUBLISHER = {John Murray},
	ADDRESS = {London},
	YEAR = {1902},
}

@book{beatty13,
	EDITOR = {Brashear, William and Funk, Wolf-Peter and Robinson, James M. and Smith, Richard},
	TITLE = {{The Chester Beatty codex Ac. 1390: mathematical school exercises in Greek and John 10:7--13:38 in Subachmimic}},
	SERIES = {Chester Beatty Monographs},
	NUMBER = {13},
	PUBLISHER = {Peeters},
	ADDRESS = {Leuven - Paris},
	YEAR = {1990},
}

@book{rhodes,
	EDITOR = {Rhodes, P. J. and Osborne, Robin},
	TITLE = {Greek Historical Inscriptions 404--323 {BC}. {Edited} with introduction, translations, and commentaries},
	PUBLISHER = {Oxford University Press},
	YEAR = {2003},
}

@book{collart,
	AUTHOR = {Collart, Paul},
	TITLE = {Les papyrus scolaires},
	PAGES = {69--80},
	BOOKTITLE = {MÂŽ\'elanges Desrousseaux. M\'elanges offerts \`a A.-M. Desrousseaux par ses amis et ses \'el\`eves en l'honneur de sa cinquanti\`eme ann\'ee d'enseignement sup\'erieur (1887--1937)},
	PUBLISHER = {Librairie Hachette},
	ADDRESS = {Paris},
	YEAR = {1937},
}

@book{epiphaniusII,
	EDITOR = {Crum, W. E. and {Evelyn White}, H. G.},
	TITLE = {{The Monastery of Epiphanius at Thebes. Part II, Coptic ostraca and papyri}},
	PUBLISHER = {Metropolitan Museum of Art},
	ADDRESS = {New York},
	YEAR = {1926},
	SERIES = {Publications of the Metropolitan Museum of Art Egyptian Expedition},
}

@book{benoit,
	EDITOR = {Benoit, Paul and Chemla, Karine and Ritter, Jim},
	TITLE = {Histoire de fractions, fractions d'histoire},
	SERIES = {Science Networks Historical Studies},
	VOLUME = {10},
	PUBLISHER = {Birkh\"auser},
	YEAR = {1992},
}

@article{sijpesteijn,
	AUTHOR = {Sijpesteijn, Peter J.},
	TITLE = {Varia papyrologica {II}},
	JOURNAL = {Zeitschrift f\"ur Papyrologie und Epigraphik},
	PAGES = {245--251},
	VOLUME = {81},
	YEAR = {1990},
}

@book{POxyI,
	EDITOR = {Grenfell, Bernard P. and Hunt, Arthur S.},
	TITLE = {{The Oxyrhynchus Papyri, Part I}},
	PUBLISHER = {Egypt Exploration Fund},
	ADDRESS = {London},
	YEAR = {1898},
}

@book{POxyIV,
	EDITOR = {Grenfell, Bernard P. and Hunt, Arthur S.},
	TITLE = {{The Oxyrhynchus Papyri, Part IV}},
	PUBLISHER = {Egypt Exploration Fund},
	ADDRESS = {London},
	YEAR = {1904},
}

@article{zalateo,
	AUTHOR = {Zalateo, Giorgio},
	TITLE = {Papiri scolastici},
	JOURNAL = {Aegyptus},
	VOLUME = {41},
	PAGES = {160--235},
	YEAR = {1961},
}

@book{chace,
	AUTHOR = {Chace, Arnold Buffum and Manning, Henry Parker and Archibald, Raymond Clare},
	TITLE = {{The Rhind Mathematical Papyrus, British Museum 10057 and 10058. Volume I. Free translation and commentary}},
	PUBLISHER = {Mathematical Association of America},
	YEAR = {1927},
}

@book{MPERXV,
	EDITOR = {Harrauer, Hermann and Sijpesteijn, Peter J.},
	TITLE = {{Neue Texte aus dem antiken Unterricht. Textband}},
	PUBLISHER = {Verlag Br\"uder Hollinek},
	ADDRESS = {Wien},
	YEAR = {1985},
	SERIES = {Mitteilungen aus der Papyrussammlung der \"Osterreichischen Nationalbibliothek (Papyrus Erzherzog Rainer). Neue Serie, XV. Folge},
}

@book{GMPI,
	EDITOR = {Andorlini, Isabella},
	TITLE = {{Greek medical papyri I}},
	PUBLISHER = {Istituto papirologico G. Vitelli},
	ADDRESS = {Firenze},
	YEAR = {2001},
}

@book{phibehI,
	EDITOR = {Grenfell, Bernard P. and Hunt, Arthur S.},
	TITLE = {{The Hibeh Papyri, Part I}},
	PUBLISHER = {Egypt Exploration Fund},
	ADDRESS = {London},
	YEAR = {1906},
}

@article {hibeh,
    AUTHOR = {Fowler, D. H. and Turner, E. G.},
     TITLE = {Hibeh papyrus i 27: an early example of {G}reek arithmetical notation},
   JOURNAL = {Historia Math.},
    VOLUME = {10},
      YEAR = {1983},
    NUMBER = {3},
     PAGES = {344--359},
}

@book{pyaleI,
	AUTHOR = {Oates, John F. and Samuel, Alan E. and Welles, C. Bradford},
	TITLE = {{Yale Papyri in the Beinecke Rare Book and Manuscript Library I}},
	PUBLISHER = {American Society of Papyrologists},
	ADDRESS = {New Haven and Toronto},
	SERIES = {American Studies in Papyrology},
	VOLUME = {2},
	YEAR = {1967},
}

@book{galeniXIV,
	EDITOR = {K\"uhn, Karl Gottlob},
	TITLE = {{Claudii Galeni Opera omnia. Tomus XIV}},
	PUBLISHER = {Prostat in officina libraria Car. Cnoblochii},
	ADDRESS = {Lipsiae},
	YEAR = {1827},
}

@book{wadisarga,
	EDITOR = {Crum, W. E. and Bell, H. I.},
	TITLE = {{Wadi Sarga. Coptic and Greek texts from the excavations undertaken by the Byzantine Research Account}},
	SERIES = {Coptica. Consilio et impensis Instituti Rask-Oerstediani edita. III},
	PUBLISHER = {Gyldendalske Boghandel-Nordisk Forlag},
	ADDRESS = {Hauniae},
	YEAR = {1922},
}

@book{LCL266,
	AUTHOR = {A. S. Hunt and C. C. Edgar},
	TITLE = {Select Papyri, Volume {I}: Private affairs},
	SERIES = {Loeb Classical Library},
	NUMBER = {266},
	PUBLISHER = {Harvard University Press},
	YEAR = {1932},
}

@book{LCL284,
	AUTHOR = {A. S. Hunt and C. C. Edgar},
	TITLE = {Select Papyri, Volume {II}: Official documents},
	SERIES = {Loeb Classical Library},
	NUMBER = {282},
	PUBLISHER = {Harvard University Press},
	YEAR = {1934},
}

@book{CGC,
	AUTHOR = {Grenfell, B. P. and Hunt, A. S.},
	TITLE = {{Catalogue g\'en\'eral des antiquit\'es \'egyptiennes du Mus\'ee du Caire. \textnumero 10001--10869. Greek papyri}},
	PUBLISHER = {Oxford University Press},
	YEAR = {1903},
}

@book{boncompagni,
	EDITOR = {Boncompagni, Baldassarre},
	TITLE = {{Scritti di Leonardo Pisano, matematico del secolo decimoterzo. Volume I, Il Liber abbaci di Leonardo Pisano pubblicato secondo la lezione del Codice Magliabechiano C. I, 2616, Badia Fiorentina, no. 73}},
	YEAR = {1857},
	PUBLISHER = {Tipografia delle scienze matematiche e fisiche},
	ADDRESS = {Roma},
}

@book{abaci,
	TITLE = {{Fibonacci's Liber Abaci: A Translation into Modern English of Leonardo Pisano's Book of Calculation}},
	AUTHOR = {Sigler, L. E.},
	SERIES = {Sources and Studies in the History of Mathematics and Physical Sciences},
	PUBLISHER = {Springer},
	YEAR = {2002},
}

@book{DMP,
	AUTHOR = {Parker, Richard A.},
	PUBLISHER = {Brown University Press},
	YEAR = {1972},
	TITLE = {Demotic Mathematical Papyri},
	SERIES = {Brown Egyptological Studies},
	NUMBER = {7},
}

@book{waerden,
	AUTHOR = {Waerden, B. L. van der},
	TITLE = {Science awakening},
	NOTE = {Translated by Arnold Dresden},
	PUBLISHER = {Oxford University Press},
	YEAR = {1961},
}

@book{egyptian3,
	AUTHOR = {Clagett, Marshall},
	TITLE = {{Ancient Egyptian Science: A Source Book. Volume Three: Ancient Egyptian Mathematics}},
	YEAR = {1999},
	PUBLISHER = {American Philosophical Society},
	ADDRESS = {Philadelphia},
	SERIES = {Memoirs of the American Philosophical Society},
	VOLUME = {232},
}

@book {gillings,
	AUTHOR = {Gillings, Richard J.},
	TITLE = {Mathematics in the time of the {P}haraohs},
	PUBLISHER = {Dover Publications},
	YEAR = {1982},
}

@article{mich621,
	AUTHOR = {Robbins, Frank Egleston},
	TITLE = {A {Greco-Egyptian} mathematical papyrus},
	JOURNAL = {Classical Philology},
	VOLUME = {18},
	NUMBER = {4},
	YEAR = {1923},
	PAGES = {328--333},
}

@book{martianusII,
	AUTHOR = {Stahl, William Harris and Johnson, Richard and Burge, E. L.},
	PUBLISHER = {Columbia University Press},
	YEAR = {1977},
	TITLE = {{Martianus Capella and the Seven Liberal Arts, volume II. The Marriage of Philology and Mercury}},
	SERIES = {Records of Civilization: Sources and Studies},
	NUMBER = {84},
}

@book{griffith1898,
	EDITOR = {Griffith, F. Ll.},
	TITLE = {The {Petrie Papyri}. {Hieratic} Papyri from {Kahun} and {Gurob} (principally of the {Middle Kingdom}). {Text}},
	YEAR = {1898},
	PUBLISHER = {Bernard Quaritch},
	ADDRESS = {London},
}

@article{crawford,
	AUTHOR = {Crawford, D. S.},
	TITLE = {A mathematical tablet},
	PAGES = {222--240},
	JOURNAL = {Aegyptus},
	VOLUME = {33},
	NUMBER = {2},
	YEAR = {1953},
}

@article{louvre1984,
	AUTHOR = {Brashear, William},
	TITLE = {{Corrections \`a des tablettes arithm\'etiques du Louvre}},
	JOURNAL = {Revue des \'etudes grecques},
	VOLUME = {97},
	NUMBER = {460--461},
	YEAR = {1984},
	PAGES = {214--217},	
}

@article{louvre1983,
	AUTHOR = {Cauderlier, Patrice},
	TITLE = {{Cinq tablettes en bois au Mus\'ee du Louvre}},
	JOURNAL = {Revue arch\'eologique, nouvelle s\'erie},
	NUMBER = {2},
	YEAR = {1983},
	PAGES = {259--280},	
}

@article{louvre1977,
	AUTHOR = {Boyaval, Bernard},
	TITLE = {{Le cahier de Papnouthion et les autres cahiers scolaires grecs}},
	JOURNAL = {Revue arch\'eologique, nouvelle s\'erie},
	NUMBER = {2},
	YEAR = {1977},
	PAGES = {215--230},
}

@article{louvre1973,
	AUTHOR = {Boyaval, Bernard},
	TITLE = {{Tablettes math\'ematiques du Mus\'ee du Louvre}},
	JOURNAL = {Revue arch\'eologique, nouvelle s\'erie},
	NUMBER = {2},
	YEAR = {1973},
	PAGES = {243--260},
}

@book{ppetrIII,
	EDITOR = {Mahaffy, John P. and Smyly, J. Gilbart},
	TITLE = {{The Flinders Petrie Papyri, part III}},
	YEAR = {1905},
	SERIES = {Royal Irish Academy, Cunningham Memoirs},
	NUMBER = {XI},
	PUBLISHER = {Academy House},
	ADDRESS = {Dublin},
}

@book{hoche,
	EDITOR = {Hoche, Richard},
	TITLE = {{Nicomachi Geraseni Pythagorei introductionis arithmeticae libri II}},
	PUBLISHER = {B. G. Teubner},
	ADDRESS = {Lipsiae},
	YEAR = {1866},
}

@article{tod1950,
	AUTHOR = {Tod, Marcus N.},
	TITLE = {The Alphabetic Numeral System in {Attica}},
	JOURNAL = {The Annual of the British School at Athens},
	PAGES = {126--139},
	VOLUME = {45},
	YEAR = {1950},
}

@article{tod1937,
	AUTHOR = {Tod, Marcus N.},
	TITLE = {The {Greek} acrophonic numerals},
	JOURNAL = {The Annual of the British School at Athens},
	PAGES = {236--258},
	VOLUME = {37},
	YEAR = {1936/1937},
}

@article{tod1912,
	AUTHOR = {Tod, Marcus N.},
	TITLE = {The {Greek} numeral notation},
	JOURNAL = {The Annual of the British School at Athens},
	PAGES = {98--132},
	VOLUME = {18},
	YEAR = {1911/1912},
}

@book{kuhner,
	AUTHOR = {K\"uhner, Raphael},
	TITLE = {{Ausf\"uhrliche Grammatik der griechischen Sprache. Erster Teil:
	Elementar - und Formenlehre. Dritte Auflage in zwei B\"anden, in neuer Bearbeitung besorgt von
	Dr. Friedrich Blass. Erster Band}},
	PUBLISHER = {Hahnsche Buchhandlung},
	ADDRESS = {Hannover},
	YEAR = {1890},
}

@book{waterfieldmeno,
	AUTHOR = {Waterfield, Robin},
	PUBLISHER = {Oxford University Press},
	SERIES = {Oxford World's Classics},
	TITLE = {Plato: {{\em Meno}} and other dialogues. {{\em Charmides, Laches, Lysis, Meno}}},
	YEAR = {2005},
	NOTE = {Translated with an introduction and notes},
}

@book{nicomachus,
	TITLE = {{Nicomachus of Gerasa: {\em Introduction to arithmetic}}},
	AUTHOR = {Martin Luther D'Ooge and Frank Egleston Robbins and Louis Charles Karpinski},
	PUBLISHER = {Macmillan},
	ADDRESS = {New York},
	YEAR = {1926},
}

@incollection{smyly,
	AUTHOR = {Smyly, J. Gilbart},
	TITLE = {{The employment of the alphabet in Greek logistic}},
	PAGES = {515--530},
	EDITOR = {Moriaud, Paul and Naville, Edouard and Oltramare, Paul},
	BOOKTITLE = {{M\'elanges Nicole: Recueil de m\'emoires de philologie classique et d'arch\'eologie offerts \`a Jules Nicole}},
	PUBLISHER = {W. K\"undig \& Fils},
	ADDRESS = {Gen\`eve},
	YEAR = {1905},
}

@book{smyth,
	AUTHOR = {Smyth, Herbert Weir},
	TITLE = {Greek Grammar},
	PUBLISHER = {Harvard University Press},
	YEAR = {1956},
	NOTE = {Revised by Gordon M. Messing},
}

@book{householder,
	AUTHOR = {Householder, Fred W.},
	TITLE = {{The {\em Syntax} of Apollonius Dyscolus}},
	PUBLISHER = {John Benjamins Publishing Company},
	SERIES = {Studies in the History of the Language Sciences},
	VOLUME = {23},
	YEAR = {1981},
}

@book{LS1,
	AUTHOR = {Long, A. A. and Sedley, D. N.},
	TITLE = {The {H}ellenistic Philosophers. {V}olume 1: Translations of the principal sources, with philosophical commentary},
	PUBLISHER = {Cambridge University Press},
	YEAR = {1987},
}

@book{comp,
	AUTHOR = {Rhys Roberts, W.},
	TITLE = {{Dionysius of Halicarnassus, On Literary Composition}},
	PUBLISHER = {Macmillian},
	ADDRESS = {London},
	YEAR = {1910},	
}

@article{youtie,
	AUTHOR = {Youtie, Herbert C.},
	TITLE = {A table of fractions},
	PAGES = {283--284},
	JOURNAL = {Zeitschrift f\"ur Papyrologie und Epigraphik},
	VOLUME = {18},
	YEAR = {1975},
}

@book{uhlig,
	EDITOR = {Uhlig, Gustav},
	TITLE = {{Dionysii Thracis ars grammatica}},
	PUBLISHER = {B. G. Teubner},
	ADDRESS = {Lipsiae},
	YEAR = {1883},
}

@incollection{tekhne,
	AUTHOR = {Kemp, Alan},
	TITLE = {The {{\em Tekhn\={e} Grammatik\={e}} of Dionysius Thrax: English} Translation
with Introduction and Notes},
	PAGES = {169--190},
	EDITOR = {Taylor, Daniel J.},
	BOOKTITLE = {The History of Linguistics in the Classical Period},
	YEAR = {1987},
	PUBLISHER = {John Benjamins Publishing Company},
	SERIES = {Studies in the History of the Language Sciences},
	VOLUME = {46},
}

@article{pfreib,
	TITLE = {{Mitteilungen aus der Freiburger Papyrussammlung. 1. Literarische St\"ucke}},
	AUTHOR = {Aly, Wolf},
	JOURNAL = {Sitzungsberichte der Heidelberger Akademie der Wissenschaften, Philosophisch-historische Klasse},
	NUMBER = {2},
	YEAR = {1914},
}

@book{TVarie,
	EDITOR = {Pintaudi, Rosario and Sijpesteijn, Peter J.},
	TITLE = {Tavolette lignee e cerate da varie collezioni},
	PUBLISHER = {Edizioni Gonnelli},
	ADDRESS = {Firenze},
	YEAR = {1989},
	SERIES = {Papyrologica fiorentina},
	VOLUME = {18},
	NOTE = {con i contributi di R. S. Bagnall, P. Cauderlier, A. E. Hanson, S. Pernigotti},
}

@book{SB3,
	EDITOR = {Bilabel, Friedrich},
	TITLE = {{Sammelbuch griechischer Urkunden aus \"Agypten. 3. Band. 1. H\"alfte}},
	PUBLISHER = {Walter de Gruyter},
	YEAR = {1926},
}

@book{SB20,
	EDITOR = {Rupprecht, Hans-Albert},
	TITLE = {{Sammelbuch griechischer Urkunden aus \"Agypten. 20. Band (Nr. 140069--15202)}},
	PUBLISHER = {Harrassowitz},
	ADDRESS = {Wiesbaden},
	YEAR = {2001},
}

@book{SB22,
	EDITOR = {Rupprecht, Hans-Albert},
	TITLE = {{Sammelbuch griechischer Urkunden aus \"Agypten. 22. Band (Nr. 15203--15874)}},
	PUBLISHER = {Harrassowitz},
	ADDRESS = {Wiesbaden},
	YEAR = {2001},
}

@article {knorr1982,
    AUTHOR = {Knorr, Wilbur},
     TITLE = {Techniques of fractions in ancient {E}gypt and {G}reece},
   JOURNAL = {Historia Math.},
    VOLUME = {9},
      YEAR = {1982},
    NUMBER = {2},
     PAGES = {133--171},
}

@book{koln7,
	EDITOR = {Gronewald, Michael and Maresch, Klaus},
	TITLE = {{K\"olner Papyri (P. K\"oln), Band 7}},
	SERIES = {Abhandlungen der Rheinisch-Westf\"alischen Akademie der Wissenschaften. Sonderreihe Papyrologica Coloniensia},
	VOLUME = {VII},
	PUBLISHER = {Springer Fachmedien Wiesbaden},
	YEAR = {1991},
}

@book{snell,
	TITLE = {{Griechische Papyri der Hamburger Staats- und Universit\"ats-Bibliothek mit einigen St\"ucken aus der Sammlung Hugo Ibscher}},
	EDITOR = {Snell, Bruno},
	PUBLISHER = {J. J. Augustin},
	ADDRESS = {Hamburg},
	YEAR = {1954},
}

@incollection{baillet,
	TITLE = {{Le papyrus math\'ematique d'Akhm{\^\i}m}},
	AUTHOR = {Baillet, Jules},
	PAGES = {i--ii, 1--89},
	BOOKTITLE = {M\'emoires publi\'es par les membres de la Mission arch\'eologique fran\c{c}aise au Caire,
	tome neuvi\`eme, I\textsuperscript{er} fascicule},
	EDITOR = {Bouriant, U.},
	PUBLISHER = {Ernest Leroux},
	ADDRESS = {Paris},
	YEAR = {1892},
}

@book{GPBMII,
	EDITOR = {Kenyon, F. G.},
	TITLE = {{Greek Papyri in the British Museum, vol. II}},
	PUBLISHER = {British Museum},
	ADDRESS = {London},
	YEAR = {1898},
}

@book{pack,
	EDITOR = {Pack, Roger A.},
	TITLE = {{The Greek and Latin Literary Texts from Greco-Roman Egypt}},
	EDITION = {second},
	PUBLISHER = {University of Michigan Press},
	YEAR = {1965},
}

@book{pmichIII,
	EDITOR = {Winter, John Garrett},
	TITLE = {{Michigan Papyri, vol. III. Papyri in the University of Michigan Collection: Miscellaneous Papyri}},
	PUBLISHER = {University of Michigan Press},
	YEAR = {1936},
	SERIES = {University of Michigan Studies. Humanistic Series},
	VOLUME = {40},
}

@book{pmichXV,
	EDITOR = {Sijpesteijn, Peter J.},
	TITLE = {{Michigan Papyri (P. Mich. XV)}},
	PUBLISHER = {Terra Publishing},
	ADDRESS = {Zutphen},
	YEAR = {1982},
	SERIES = {Studia Amstelodamensia ad epigraphicam, ius antiquum et papyrologicam pertinentia},
	VOLUME = {19},
}

@book{schilbach,
	AUTHOR = {Schilbach, Erich},
	TITLE = {{Byzantinische Metrologie}},
	SERIES = {Handbuch der Altertumswissenschaft XII.4},
	PUBLISHER = {C. H. Beck},
	ADDRESS = {M\"unchen},
	YEAR = {1970},
}

@book{hultsch1895,
	AUTHOR = {Hultsch, Friedrich},
	TITLE = {{Die Elemente der \"agyptischen Theilungsrechnung. Erste Abhandlung}},
	SERIES = {Des XVII. Bandes der Abhandlungen der philologisch-historischen Classe der K\"onigl. S\"achsischen Gesellschaft der Wissenschaften, \textnumero I},
	PUBLISHER = {S. Hirzel},
	ADDRESS = {Leipzig},
	YEAR = {1895},
}

@book{MSRI,
	AUTHOR = {Hultsch, Friedrich},
	TITLE = {{Metrologicorum scriptorum reliquiae. Volumen I quo scriptores Graeci continentur}},
	PUBLISHER = {B. G. Teubner},
	ADDRESS = {Lipsiae},
	YEAR = {1864},
	SERIES = {Bibliotheca scriptorum Graecorum et Romanorum Teubneriana},
}

@book{MSRII,
	AUTHOR = {Hultsch, Friedrich},
	TITLE = {{Metrologicorum scriptorum reliquiae. Volumen II quo scriptores Romani et Indices continentur}},
	PUBLISHER = {B. G. Teubner},
	ADDRESS = {Lipsiae},
	YEAR = {1866},
	SERIES = {Bibliotheca scriptorum Graecorum et Romanorum Teubneriana},
}

@book{metrologie,
	AUTHOR = {Hultsch, Friedrich},
	EDITION = {second},
	TITLE = {{Griechische und r\"omische Metrologie}},
	PUBLISHER = {Wiedmannsche Buchhandlung},
	ADDRESS = {Berlin},
	YEAR = {1882},
}