@book{abraham,
	AUTHOR = {Abraham, Ralph and Marsden, Jerrold E.},
	TITLE = {Foundations of Mechanics},
	EDITION = {second},
	PUBLISHER = {AMS Chelsea Publishing},
	ADDRESS = {Providence, RI},
	YEAR = {2008},
}

@book{faraut,
	AUTHOR = {Faraut, Jacques},
	TITLE = {Analysis on {L}ie Groups: An Introduction},
	SERIES = {Cambridge Studies in Advanced Mathematics},
	VOLUME = {110},
	PUBLISHER = {Cambridge University Press},
	YEAR = {2008},

@incollection{jacobi,
	AUTHOR = {Jacobi, C. G. J.},
	TITLE = {{Bemerkungen zu einer Abhandlung Euler's \"uber die orthogonale Substitution}},
	PAGES = {599--609},
	BOOKTITLE = {C. G. J. Jacobi's gesammelte Werke. Dritter Band},
	EDITOR = {Weierstrass, K.},
	YEAR = {1884},
	PUBLISHER = {Georg Reimer},
	ADDRESS = {Berlin},
}

@book{cartan,
	AUTHOR = {Cartan, Henri},
	TITLE = {Differential Forms},
	PUBLISHER = {Hermann},
	ADDRESS = {Paris},
	YEAR = {1970},
}

@book{coolidge,
	AUTHOR = {Coolidge, Julian Lowell},
	TITLE = {A history of geometrical methods},
	YEAR = {1963},
	PUBLISHER = {Dover Publications},
}

@article{hawkins1975,
	AUTHOR = {Hawkins, Thomas},
	TITLE = {Cauchy and the spectral theory of matrices},
	JOURNAL = {Historia Math.},
	VOLUME = {2},
	YEAR = {1975},
	PAGES = {1--29},
}

@book{emergence,
	TITLE = {Emergence of the Theory of {L}ie Groups: An Essay in the History of Mathematics 1869--1926},
	AUTHOR = {Hawkins, Thomas},
	SERIES = {Sources and Studies in the History of Mathematics and Physical Sciences},
	PUBLISHER = {Springer},
	YEAR = {2000},
}

@book{ratcliffe,
	AUTHOR = {Ratcliffe, John G.},
	TITLE = {Foundations of hyperbolic manifolds},
	EDITION = {second},
	SERIES = {Graduate Texts in Mathematics},
	VOLUME = {149},
	YEAR = {2006},
	PUBLISHER = {Springer},
}

@book{crowe,
	AUTHOR = {Crowe, Michael J.},
	TITLE = {A History of Vector Analysis: The Evolution of the Idea of a Vectorial System},
	PUBLISHER = {Dover Publications},
	YEAR = {2011},
}

@article{fearnley-sander,
	AUTHOR = {Fearnley-Sander, Desmond},
	TITLE = {{H}ermann {G}rassmann and the creation of linear algebra},
	JOURNAL = {Amer. Math. Monthly},
	VOLUME = {86},
	NUMBER = {10},
	PAGES = {809--817},
	YEAR = {1979},
}

@incollection {knobloch,
    AUTHOR = {Knobloch, Eberhard},
     TITLE = {From {G}auss to {W}eierstrass: determinant theory and its
              historical evaluations},
 BOOKTITLE = {The Intersection of History and Mathematics},
    SERIES = {Science Networks. Historical Studies},
    VOLUME = {15},
     PAGES = {51--66},
 PUBLISHER = {Birkh\"auser},
      YEAR = {1994},
	EDITOR = {Sasaki Chikara and Sugiura Mitsuo and Joseph W. Dauben},
}

@incollection{routledge,
	AUTHOR = {Knobloch, Eberhard},
	TITLE = {Determinants},
	EDITOR = {Grattan-Guinness, I.},
	BOOKTITLE = {Companion Encyclopedia of the History and Philosophy
of the Mathematical Sciences},
	VOLUME = {1},
	PAGES = {766--774},
	PUBLISHER = {Routledge},
	YEAR = {1994},
}

@article{jacobi1845,
	AUTHOR = {Jacobi, C. G. J.},
	TITLE = {Theoria novi multiplicatoris systemati aequationum differentialium vulgarium applicandi},
	YEAR = {1845},
	PAGES = {333--376},
	VOLUME = {29},
	JOURNAL = {J. Reine Angew. Math.},
	NOTE = {Gesammelte Werke, Band IV, pp.~317--509},
}

@article{jacobi1841a,
        TITLE = {De formatione et proprietatibus Determinatium},
        AUTHOR = {Jacobi, C. G. J.},
        JOURNAL = {J. Reine Angew. Math.},
        VOLUME = {22},
        YEAR = {1841},
	PAGES = {285--318},
        NOTE = {Gesammelte Werke, Band III, pp.~355--392},
}

@article{jacobi1841b,
        AUTHOR = {Jacobi, C. G. J.},
        JOURNAL = {J. Reine Angew. Math.},
	VOLUME = {22},
	YEAR = {1841},
	TITLE = {De Determinantibus functionalibus},
	PAGES = {319--359},
        NOTE = {Gesammelte Werke, Band III, pp.~393--438},
}

@incollection{bashmakova,
	AUTHOR = {Bashmakova, I. G. and Rudakov, A. N.},
	TITLE = {Algebra and algebraic number theory},
	PAGES = {35--136},
	BOOKTITLE = {Mathematics of the 19th century, volume 1},
	EDITOR = {Kolmogorov, A. N. and Yushkevich, A. P.},
	YEAR = {2001},
	PUBLISHER = {Birkh\"auser},
}

@book{muir,
	AUTHOR = {Muir, Thomas},
	TITLE = {The theory of determinants in the historical order of development, volume one and volume two},
	PUBLISHER = {Dover Publications},
	YEAR = {1960},
}

@article{brualdi,
	TITLE = {{Determinantal identities: Gauss, Schur, Cauchy, Sylvester, Kronecker, Jacobi, Binet, Laplace, Muir, and Cayley}},
	AUTHOR = {Brualdi, Richard A. and Schneider, Hans},
	JOURNAL = {Linear Algebra Appl.},
	VOLUME = {52--53},
	YEAR = {1983},
	PAGES = {769--791},
}

@book{grassmann,
	AUTHOR = {Grassmann, Hermann},
	TITLE = {Extension Theory},
	YEAR = {2000},
	PUBLISHER = {American Mathematical Society},
	SERIES = {History of Mathematics},
	VOLUME = {19},
	NOTE = {Translated from the German by Lloyd Kannenberg},
}

@article{dorier,
	TITLE = {A general outline of the genesis of vector space theory},
	AUTHOR = {Dorier, J. L.},
	YEAR = {1995},
	VOLUME = {22},
	NUMBER = {3},
	PAGES = {227--261},
	JOURNAL = {Historia Math.},
}

@article{abeles,
	AUTHOR = {Abeles, Francine F.},
	TITLE = {Nineteenth century roots of quasideterminants},
	JOURNAL = {Linear Algebra Appl.},
	VOLUME = {435},
	NUMBER = {5},
	YEAR = {2011},
	PAGES = {1019--1024},
}

@book{cajori,
	AUTHOR = {Cajori, Florian},
	TITLE = {A history of mathematical notations, two volumes bound as one},
	YEAR = {1993},
	PUBLISHER = {Dover Publications},
}

@book{lutzen,
	AUTHOR = {L\"utzen, Jesper},
	TITLE = {{Joseph Liouville 1809--1882: master of pure and applied mathematics}},
	SERIES = {Studies in the History of Mathematics and Physical Sciences},
	VOLUME = {15},
	PUBLISHER = {Springer},
	YEAR = {1990},
}

@incollection{netto,
	AUTHOR = {Netto, Eugen},
	TITLE = {{Rationale Funktionen mehrerer Ver\"anderlichen}},
	PAGES = {255--282},
	EDITOR = {Meyer, Wilhelm Franz},
        BOOKTITLE = {Encyklop\"adie der Mathematischen Wissenschaften mit Einschluss ihrer Anwendungen, Band I, 1. Teil},
	YEAR = {1898--1904},
	PUBLISHER = {B. G. Teubner},
	ADDRESS = {Leipzig},
}