@article{dirichlet1838,
	AUTHOR = {Dirichlet, Gustav Lejeune},
	TITLE = {{\"Uber die Bestimmung asymptotischer Gesetze in der Zahlentheorie}},
	JOURNAL = {Bericht \"uber die Verhandlangen der K\"oniglich Preussischen Akademie der Wissenschaften},
	YEAR = {1838},
	NOTE = {Werke, Band I, pp.~351--356},
	PAGES = {13--15},
}