@article{E25,
	AUTHOR = {Euler, Leonhard},
	TITLE = {Methodus generalis summandi progressiones},
	NOTE = {E25, Opera omnia I.14, pp. 42--72},
	VOLUME = {6},
	YEAR = {1738},
	PAGES = {68--97},
	JOURNAL = {Commentarii Academiae scientiarum Imperialis Petropolitanae},
	PRESENTED = {St.-Petersburg Academy on June 20, 1732},
}

@article{tchebychef,
	AUTHOR = {Tchebychef, P. L.},
	TITLE = {Note sur diff\'erentes s\'eries},
	PAGES = {337--346},
	NOTE = {{\OE}uvres, tome I, pp.~99--108},
	YEAR = {1851},
	VOLUME = {16},
	JOURNAL = {Journal de Math\'ematiques Pures et Appliqu\'ees},
}

@article{flajolet,
	AUTHOR = {Flajolet, Philippe and Gourdon, Xavier and Dumas,
	Philippe},
	TITLE = {Mellin transforms and asymptotics: harmonic sums},
	JOURNAL = {Theoret. Comput. Sci.},
	PAGES = {3--58},
	VOLUME = {144},
	YEAR = {1995},
}

@article{guinand,
	AUTHOR = {Guinand, A. P.},
	TITLE = {Functional equations and self-reciprocal functions connected with {L}ambert series},
	PAGES = {11--23},
	JOURNAL = {Q. J. Math.},
	VOLUME = {15},
	YEAR = {1944},
}

@article{kluyver1919,
	AUTHOR = {Kluyver, Jan C.},
	TITLE = {On {L}ambert's series},
	PAGES = {323--330},
	JOURNAL = {Koninklijke Akademie van Wetenschappen te Amsterdam, Proceedings},
	VOLUME = {22},
	NUMBER = {4},
	YEAR = {1919},
}

@article{kluyver1922,
	AUTHOR = {Kluyver, Jan C.},
	TITLE = {On analytic functions defined by certain {L}ambert series},
	PAGES = {1226-1233},
	JOURNAL = {Koninklijke Akademie van Wetenschappen te Amsterdam, Proceedings},
	VOLUME = {23},
	NUMBER = {8},
	YEAR = {1922},
}

@book{chandrasekharan,
	AUTHOR = {Chandrasekharan, K.},
	TITLE = {Elliptic functions},
	SERIES = {Die Grundlehren der mathematischen Wissenschaften},
	VOLUME = {281},
	PUBLISHER = {Springer},
	YEAR = {1985},
}

@book{chandrasekharan148,
	AUTHOR = {Chandrasekharan, K.},
	TITLE = {Introduction to analytic number theory},
	SERIES = {Die Grundlehren der mathematischen Wissenschaften},
	VOLUME = {148},
	PUBLISHER = {Springer},
	YEAR = {1968},
}

@article{bouniakowsky,
	AUTHOR = {Bouniakowsky, V.},
	TITLE = {Recherches sur quelques fonctions num\'eriques},
	PAGES = {1--35},
	JOURNAL = {M\'emoires de l'Acad\'emie imp\'eriale des sciences de St.-P\'etersbourg, VIIe s\'erie},
	VOLUME = {4},
	NUMBER = {2},
	YEAR = {1861},
}

@book{gerhardt,
	AUTHOR = {Gerhardt, Carl Immanuel},
	PUBLISHER = {R. Oldenbourg},
	ADDRESS = {M\"unchen},
	YEAR = {1877},
	TITLE = {{Geschichte der Wissenschaften in Deutschland. Neuere Zeit. Siebenzehnter Band. Geschichte der Mathematik}},
}

@article {zhang,
    AUTHOR = {Zhang, Changgui},
     TITLE = {On the modular behaviour of the infinite product {$(1-x)(1-xq)(1-xq^2)(1-xq^3)\dots$}},
   JOURNAL = {C. R. Math. Acad. Sci. Paris},
  FJOURNAL = {Comptes Rendus Math\'ematique. Acad\'emie des Sciences. Paris},
    VOLUME = {349},
      YEAR = {2011},
    NUMBER = {13-14},
     PAGES = {725--730},
}

@article{stieltjes,
	AUTHOR = {Stieltjes, T.-J.},
	TITLE = {Recherches sur quelques s\'eries semi-convergentes},
	PAGES = {201--258},
	VOLUME = {3},
	YEAR = {1886},
	JOURNAL = {Annales scientifiques de l'\'Ecole Normale Sup\'erieure, S\'er. 3},
	NOTE = {{\OE}uvres compl\`etes, tome II, pp.~2--58},
}

@book{rudin,
	AUTHOR = {Rudin, Walter},
	TITLE = {Functional Analysis},
	EDITION = {second},
	PUBLISHER = {McGraw-Hill},
	YEAR = {1991},
	SERIES = {International Series in Pure and Applied Mathematics},
}

@article {lindqvist,
    AUTHOR = {Lindqvist, Peter and Peetre, Jaak},
     TITLE = {On the remainder in a series of {M}ertens},
   JOURNAL = {Expo. Math.},
  FJOURNAL = {Expositiones Mathematicae. International Journal},
    VOLUME = {15},
      YEAR = {1997},
    NUMBER = {5},
     PAGES = {467--478},
}

@article{mertens,
	JOURNAL = {J. Reine Angew. Math.},
	AUTHOR = {Mertens, Franz},
	NUMBER = {1},
	TITLE = {{Ein Beitrag zur analytischen Zahlentheorie}},
	VOLUME = {78},
	PAGES = {46--62},
	YEAR = {1874},
}

@article {zudilin,
    AUTHOR = {Zudilin, Wadim},
     TITLE = {Remarks on irrationality of {$q$}-harmonic series},
   JOURNAL = {Manuscripta Math.},
  FJOURNAL = {Manuscripta Mathematica},
    VOLUME = {107},
      YEAR = {2002},
    NUMBER = {4},
     PAGES = {463--477},
}

@book{steinII,
	AUTHOR = {Stein, Elias M. and Shakarchi, Rami},
	PUBLISHER = {Princeton University Press},
	YEAR = {2003},
	TITLE = {Complex Analysis},
	SERIES = {Princeton Lectures in Analysis},
	VOLUME = {II},
}

@article{hermite1884,
	AUTHOR = {Hermite, Charles},
	TITLE = {Sur quelques cons\'equences arithm\'etiques des formules de la th\'eorie des fonctions elliptiques},
	JOURNAL = {Bulletin de l'Acad\'emie imp\'eriale des sciences de St.-P\'etersbourg},
	PAGES = {325--352},
	VOLUME = {29},
	YEAR = {1884},
	NOTE = {{\OE}uvres, tome IV, pp.~138--168},
}

@article{hermite,
	AUTHOR = {Hermite, Charles},
	TITLE = {Sur les valeurs asymptotiques de quelques fonctions num\'eriques},
	JOURNAL = {J. Reine Angew. Math.},
	VOLUME = {99},
	PAGES = {324--328},
	YEAR = {1886},
	NOTE = {{\OE}uvres, tome IV, pp.~209--214},
}

@article{cauchy1843a,
	AUTHOR = {Cauchy, Augustin},
	TITLE = {M\'emoire sur l'application du calcul des r\'esidus au d\'eveloppement des
	produits compos\'es d'un nombre infini de facteurs},
	PAGES = {572--581},
	JOURNAL = {Comptes rendus hebdomadaires des s\'eances de l'Acad\'emie des sciences},
	VOLUME = {17},
	YEAR = {1843},
	NOTE = {Oeuvres compl\`etes, s\'erie 1, tome 8, pp. 55--64},
}

@article{cauchy1843b,
	TITLE = {Sur la r\'eduction des rapports de factorielles r\'eciproques aux fonctions elliptiques},
	AUTHOR = {Cauchy, Augustin},
	JOURNAL = {Comptes rendus hebdomadaires des s\'eances de l'Acad\'emie des sciences},
	VOLUME = {17},
	YEAR = {1843},
	NOTE = {Oeuvres compl\`etes, s\'erie 1, tome 8, pp. 97--110},
	PAGES = {825--837},
}

@article{lebesgue,
	TITLE = {D\'emonstration d'une formule d'{E}uler, sur les diviseurs d'un nombre},
	JOURNAL = {Nouvelles annales de math\'ematiques},
	PAGES = {232--235},
	VOLUME = {12},
	AUTHOR = {Lebesgue, Victor-Am\'ed\'ee},
	YEAR = {1853},
}

@article{torelli,
	AUTHOR = {Torelli, Gabriele},
	TITLE = {Sulla totalit\`a dei numeri primi fino ad un limite assegnato},
	YEAR = {1901},
	JOURNAL = {Atti dell'Accademia delle scienze fisiche e matematiche. Sezione della Societ\`a Reale di Napoli (2)},
	VOLUME = {11},
	NUMBER = {1},
	PAGES = {1--222},
}

@article{fibonacci,
	AUTHOR = {Landau, Edmund},
	TITLE = {Sur la s\'erie des inverses des nombres de {F}ibonacci},
	PAGES = {298--300},
	VOLUME = {27},
	JOURNAL = {Bulletin de la Soci\'et\'e Math\'ematique de France},
	YEAR = {1899},
}

@article{hansen,
	AUTHOR = {Hansen, Carl},
	TITLE = {Note sur la sommation de la s\'erie de {L}ambert},
	JOURNAL = {Mathematische Annalen},
	VOLUME = {54},
	YEAR = {1901},
	PAGES = {604--607},
}

@book{klugel,
	EDITOR = {Georg Simon Kl\"ugel and Carl Brandan Mollweide and Johann August Grunert},
	TITLE = {{Mathematisches W\"orterbuch oder Erkl\"arung der Begriffe, Lehrs\"atze, Aufgaben und Methoden der Mathematik
	mit den n\"othigen Beweisen und literarischen Nachrichten begleitet in alphabetischer Ordnung. Erste Abtheilung. F\"unfter Theil. Erster Band. I und II}},
	PUBLISHER = {E. B. Schwickert},
	ADDRESS = {Leipzig},
	YEAR = {1831},
}

@article{bullynck,
	JOURNAL = {Revue d'histoire des math\'ematiques},
	AUTHOR = {Maarten Bullynck},
	VOLUME = {16},
	NUMBER = {2},
	YEAR = {2010},
	PAGES = {133--216},
	TITLE = {Factor tables 1657--1817, with notes on the birth of Number Theory},
}

@incollection{bohr,
	AUTHOR = {Bohr, Harald and Cram\'er, Harald},
	PUBLISHER = {B. G. Teubner},
	EDITOR = {Burkhardt, H. and Wirtinger, W. and Fricke, R. and Hilb, E.},
	ADDRESS = {Leipzig},
	YEAR = {1923--1927},
	TITLE = {{Die neure Entwicklung der analytischen Zahlentheorie}},
	BOOKTITLE = {Encyklop\"adie der Mathematischen Wissenschaften mit Einschluss ihrer Anwendungen, Band II, 3. Teil, 2. H\"alfte},
	PAGES = {722--849},
}

@article {egger,
    AUTHOR = {Egger n{\'e} Endres, Sebastian and Steiner, Frank},
     TITLE = {A new proof of the {V}orono\"\i\ summation formula},
   JOURNAL = {J. Phys. A},
  FJOURNAL = {Journal of Physics. A. Mathematical and Theoretical},
    VOLUME = {44},
      YEAR = {2011},
    NUMBER = {22},
     PAGES = {225302},
}

@book{wiener,
	AUTHOR = {Wiener, Norbert},
	TITLE = {The {F}ourier integral and certain of its applications},
	PUBLISHER = {Cambridge University Press},
	YEAR = {1933},
}

@book{zeta,
	AUTHOR = {Titchmarsh, E. C.},
	TITLE = {The theory of the {R}iemann zeta-function},
	EDITION = {second},
	PUBLISHER = {Clarendon Press},
	ADDRESS = {Oxford},
	YEAR = {1986},
}

@article{landau1918,
	AUTHOR = {Landau, Edmund},
	TITLE = {{\"Uber die Wigertsche asymptotische Funktionalgleichung f\"ur die Lambertsche Reihe}},
	JOURNAL = {Archiv der Mathematik und Physik, 3. Reihe},
	VOLUME = {27},
	YEAR = {1918},
	PAGES = {144--146},
	NOTE = {Collected Works, volume 7, pp.~135--137},
}

@article{wigert,
	AUTHOR = {Wigert, S.},
	JOURNAL = {Acta Math.},
	VOLUME = {41},
	YEAR = {1916},
	PAGES = {197--218},
	TITLE = {Sur la s\'erie de {L}ambert et son application \`a la th\'eorie des nombres},
}

@book{divergent,
	AUTHOR = {Hardy, G. H.},
	TITLE = {Divergent series},
	PUBLISHER = {AMS Chelsea Publishing},
	YEAR = {1991},
	ADDRESS = {Providence, RI},
	EDITION = {second},
}

@article{gram,
	AUTHOR = {Gram, J. P.},
	TITLE = {{Unders{\o}gelser angaaende M{\ae}ngden af Primtal under en given Gr{\ae}nse}},
	JOURNAL = {Det Kongelige Danske Videnskabernes Selskabs Skrifter, 6. R{\ae}kke, Naturvidenskabelig og Mathematisk Afdeling},
	PAGES = {183--308},
	VOLUME = {2},
	YEAR = {1881--1886},
}

@article{pincherle,
	AUTHOR = {Pincherle, Salvatore},
	YEAR = {1882},
	JOURNAL = {Memorie della Accademia delle Scienze dell'Istituto di Bologna, serie quarta},
	VOLUME = {3},
	PAGES = {149--180}, 
	TITLE = {Sopra alcuni sviluppi in serie per funzioni analitiche},
	NOTE = {Opere scelte, vol. 1, pp.~64--91},
}

@book {wright,
    AUTHOR = {Hardy, G. H. and Wright, E. M.},
     TITLE = {An introduction to the theory of numbers},
   EDITION = {Fifth},
 PUBLISHER = {Oxford University Press},
      YEAR = {1979},
}

@article{mobius,
	AUTHOR = {M\"obius, A. F.},
	TITLE = {{\"Uber eine besondere Art von Umkehrung der Reihen}},
	PAGES = {105--123},
	JOURNAL = {J. Reine Angew. Math.},
	VOLUME = {9},
	NUMBER = {2},
	YEAR = {1832},
}

@article{borwein,
	AUTHOR = {Borwein, Peter B.},
	TITLE = {On the irrationality of certain series},
	JOURNAL = {Math. Proc. Camb. Phil. Soc.},
	VOLUME = {112},
	YEAR = {1992},
	PAGES = {141--146},
}

@article{levicivita,
	AUTHOR = {Levi-Civita, Tullio},
	TITLE = {Di una espressione analitica atta a rappresentare il numero dei numeri primi compresi in un determinato intervallo},
	JOURNAL = {Atti della Reale Accademia dei Lincei, serie quinta. Rendiconti: Classe di scienze fisiche, matematiche e naturali},
	YEAR = {1895},
	VOLUME = {4},
	PAGES = {303--309},
	NOTE = {Opere matematiche, volume primo, pp.~153--158},
}

@article{franel51,
	AUTHOR = {Franel, J\'er{\^o}me},
	JOURNAL = {Math. Ann.},
	YEAR = {1899},
	PAGES = {369--387},
	VOLUME = {51},
	TITLE = {Sur une formule utile dans la d\'etermination de certaines valeurs asymptotiques},
}

@article{franel52,
	AUTHOR = {Franel, J\'er{\^o}me},
	TITLE = {Sur la th\'eorie des s\'eries},
	JOURNAL = {Math. Ann.},
	YEAR = {1899},
	VOLUME = {52},
	PAGES = {529--549},
}	

@article{laguerre,
	AUTHOR = {Laguerre, Edmond},
	TITLE = {Sur quelques th\'eor\`emes d'arithm\'etique},
	JOURNAL = {Bulletin de la Soci\'et\'e Math\'ematique de France},
	YEAR = {1872--1873},
	VOLUME = {1},
	PAGES = {77--81},
}

@book{bromwich,
	AUTHOR = {Bromwich, T. J. I'A.},
	TITLE = {An introduction to the theory of infinite series},
	PUBLISHER = {Macmillan},
	EDITION = {second},
	YEAR = {1959},
	ADDRESS = {London},
}

@book{fundamenta,
	AUTHOR = {Jacobi, Carl Gustav Jacob},
	TITLE = {Fundamenta nova theoriae functionum ellipticarum},
	YEAR = {1829},
	ADDRESS = {K\"onigsberg},
	PUBLISHER = {Sumtibus Fratrum Borntraeger},
}

@book{polya,
	AUTHOR = {P\'olya, George and Szeg{\H o}, G\'abor},
	TITLE = {Problems and theorems in analysis, volume {II}},
	PUBLISHER = {Springer},
	YEAR = {1976},
	SERIES = {Die Grundlehren der mathematischen Wissenschaften},
	VOLUME = {216},
	NOTE = {Translated from the German by C. E. Billigheimer},
}

@article{szego,
	AUTHOR = {Szeg{\H o}, G\'abor},
	TITLE = {{\"Uber Potenzreihen, deren Koeffizienten zahlentheoretische Funktionen sind}},
	JOURNAL = {Mathematische Zeitschrift},
	VOLUME = {8},
	PAGES = {36--51},
	YEAR = {1920},
}

@book{widder,
	TITLE = {The {L}aplace transform},
	AUTHOR = {Widder, David Vernon},
	PUBLISHER = {Princeton University Press},
	YEAR = {1946},
	SERIES = {Princeton Mathematical Series},
	VOLUME = {6},
}

@article{valleepoussin,
	AUTHOR = {de la Vall\'ee Poussin, Charles-Jean},
	TITLE = {Sur la s\'erie de {L}ambert},
	PAGES = {56--62},
	VOLUME = {20},
	JOURNAL = {Annales de la Soci\'et\'e Scientifique de Bruxelles},
	YEAR = {1896},
}

@book{cesaro1894,
	AUTHOR = {Ces\'aro, Ernesto},
	TITLE = {Corso di analisi algebrica con introduzione al calcolo infinitesimale},
	YEAR = {1894},
	PUBLISHER = {Fratelli Bocca Editori},
	ADDRESS = {Turin},	
}

@article{kiseljak,
	AUTHOR = {Kiseljak, Marije},
	TITLE = {{\"Uber Anzahlen und Summen von Teilern}},
	JOURNAL = {Monatshefte f\"ur Mathematik und Physik},
	PAGES = {133--166},
	VOLUME = {28},
	NUMBER = {1},
	YEAR = {1917},
}

@article{steffensen,
	TITLE = {{\"Uber Potenzreihen, im besonderen solche, deren Koeffizienten zahlentheoretische Funktionen sind}},
	PAGES = {376--386},
	JOURNAL = {Rendiconti del Circolo Matematico di Palermo},
	VOLUME = {38},
	NUMBER = {1},
	YEAR = {1914},
	AUTHOR = {Steffensen, J. F.},
}

@article{cesaro1893,
	AUTHOR = {Ces\'aro, Ernesto},
	TITLE = {La serie di {L}ambert in aritmetica assintotica},
	JOURNAL = {Rendiconto delle adunanze e de' lavori dell' Accademia Napolitana delle Scienze},
	PAGES = {197--204},
	VOLUME = {7},
	YEAR = {1893},
}

@article{cesaro1886,
	JOURNAL = {Nouvelles annales de math\'ematiques, troisi\`eme s\'erie},
	VOLUME = {5},
	PAGES = {305--327},
	TITLE = {Sur les nombres de {B}ernoulli et d'{E}uler},
	AUTHOR = {Ces\'aro, Ernesto},
	YEAR = {1886},
}

@article{cesaro1888,
	AUTHOR = {Ces\'aro, Ernesto},
	TITLE = {Sur les transformations de la s\'erie de {L}ambert},
	PAGES = {374--382},
	YEAR = {1888},
	VOLUME = {7},
	JOURNAL = {Nouvelles annales de math\'ematiques, troisi\`eme s\'erie},
}

@article{rogel1891,
	AUTHOR = {Rogel, Franz},
	TITLE = {{Darstellungen zalentheoretischer Functionen durch trigonometrische Reihen}},
	JOURNAL = {Archiv der Mathematik und Physik (2)},
	YEAR = {1891},
	PAGES = {62--83},
	VOLUME = {10},
}

@article{rogel,
	AUTHOR = {Rogel, Franz},
	TITLE = {{Darstellung der harmonischen Reihen durch Factorenfolgen}},
	PAGES = {297--319},
	JOURNAL = {Archiv der Mathematik und Physik (2)},
	VOLUME = {9},
	YEAR = {1890},
}

@article{monatsbuch,
	TITLE = {{Johann Heinrich Lamberts Monatsbuch mit den zugeh\"origen Kommentaren, sowie mit einem Vorwort \"uber den Stand der Lambertforschung}},
	AUTHOR = {Bopp, Karl},
	JOURNAL = {Abhandlungen der K\"oniglich Bayerischen Akademie der Wissenschaften. Mathematisch-physikalische Klasse},
	VOLUME = {27},
	NOTE = {6. Abhandlung},
	YEAR = {1916},
	PAGES = {1--84},
}

@article{knopp1913,
	AUTHOR = {Knopp, Konrad},
	TITLE = {{\"Uber Lambertsche Reihen}},
	YEAR = {1913},
	PAGES = {283--315},
	VOLUME = {142},
	JOURNAL = {J. Reine Angew. Math.},
}

@incollection{youschkevitch,
	AUTHOR = {Youschkevitch, A. P.},
	TITLE = {{Lambert et L\'eonard Euler}},
	BOOKTITLE = {Colloque international et interdisciplinaire Jean-Henri Lambert, Mulhouse, 26--30 septembre 1977},
	EDITOR = {Oberle, R. and Thill, A. and Levassort, P.},
	PAGES = {211--224},
	YEAR = {1979},
	PUBLISHER = {Editions Ophrys},
	ADDRESS = {Paris},
}

@article{schlomilch1863,
	AUTHOR = {Schl\"omilch, Oskar},
	TITLE = {{Extrait d'une Lettre adress\'ee \`a M. Liouville par M. Schl\"omilch}},
	PAGES = {99--101},
	JOURNAL = {Journal de Math\'ematiques Pures et Appliqu\'ees (2)},
	YEAR = {1863},
	VOLUME = {8},
}

@book{anlage,
	TITLE = {{Anlage zur Architectonic, oder Theorie des Einfachen und des Ersten in der philosophischen und mathematischen Erkenntni\ss, 2. Band}},
	AUTHOR = {Lambert, Johann Heinrich},
	PUBLISHER = {Johann Friedrich Hartknoch},
	ADDRESS = {Riga},
	YEAR = {1771},
}

@article{1873,
	AUTHOR = {Eug\`ene-Charles Catalan},
	TITLE = {Recherches sur quelques produits ind\'efinis},
	PAGES = {1--127},
	VOLUME = {40},
	JOURNAL = {M\'emoires de l'Acad\'emie Royale des Sciences, des Lettres et des Beaux-Arts de Belgique},
	YEAR = {1873},
}

@book{gunther,
	AUTHOR = {Siegmund G\"unther},
	TITLE = {{Ziele und Resultate der neueren mathematisch-historischen Forschung}},
	YEAR = {1876},
	ADDRESS = {Erlangen},
	PUBLISHER = {Eduard Besold},
}

@book{gunther1881,
	AUTHOR = {Siegmund G\"unther},
	TITLE = {{Die Lehre von den gew\"ohnlichen und verallgemeinerten Hyperbelfunktionen}},
	YEAR = {1881},
	ADDRESS = {Halle a. S.},
	PUBLISHER = {Louis Nebert},
}

@article{catalan1842,
	TITLE = {Sur la sommation de quelques s\'eries},
	AUTHOR = {Eug\`ene-Charles Catalan},
	PAGES = {1--12},
	VOLUME = {7},
	YEAR = {1842},
	JOURNAL = {Journal de Math\'ematiques Pures et Appliqu\'ees},
}

@article{melanges1888,
	AUTHOR = {Eug\`ene-Charles Catalan},
	TITLE = {M\'elanges math\'ematiques},
	PAGES = {1--275},
	JOURNAL = {M\'emoires de la Soci\'et\'e Royale des Sciences de Li\`ege, 
	deuxi\`eme s\'erie},
	YEAR = {1888},
	VOLUME = {14},
}

@article{melanges1886,
	AUTHOR = {Eug\`ene-Charles Catalan},
	TITLE = {M\'elanges math\'ematiques},
	PAGES = {1--404},
	JOURNAL = {M\'emoires de la Soci\'et\'e Royale des Sciences de Li\`ege, 
	deuxi\`eme s\'erie},
	YEAR = {1886},
	VOLUME = {13},
}

@article{glaisher,
	AUTHOR = {Glaisher, J. W. L.},
	TITLE = {On the square of the series in which the coefficients are the sums of the divisors of the exponents},
	JOURNAL = {Messenger of Mathematics},
	VOLUME = {14},
	PAGES = {156--163},
	YEAR = {1885},
}

@article{lorey,
	AUTHOR = {Lorey, Wilhelm},
	TITLE = {{Johann Heinrich Lambert}},
	PAGES = {2--27},
	VOLUME = {18},
	YEAR = {1928},
	JOURNAL = {Sitzungsberichte der Berliner Mathematischen Gesellschaft},
}

@book{lowenhaupt,
	EDITOR = {L\"owenhaupt, Friedrich},
	TITLE = {{Johann Heinrich Lambert: Leistung und Leben}},
	YEAR = {1943},
	PUBLISHER = {Braun \& Co.},
	ADDRESS = {M\"uhlhausen},
}

@article{curtze,
	AUTHOR = {Maximilian Curtze},
	TITLE = {Notes diverses sur la s\'erie de {L}ambert et la loi des nombres premiers},
	JOURNAL = {Annali di Matematica Pura ed Applicata},
	VOLUME = {1},
	NUMBER = {1},
	YEAR = {1867-1868},
	PAGES = {285--292},
}

@article{krafft,
	AUTHOR = {Krafft, W. L.},
	PAGES = {217--245},
	TITLE = {Essai sur les nombres premiers},
	JOURNAL = {Nova Acta Academiae Scientiarum Imperialis Petropolitanae},
	VOLUME = {12},
	YEAR = {1794},
}

@article{zehfuss,
	AUTHOR = {Zehfuss, G.},
	TITLE = {{Mathematische Miscellen}},
	JOURNAL = {Zeitschrift f\"ur Mathematik und Physik},
	VOLUME = {3},
	YEAR = {1858},
	PAGES = {247--249},
}

@article{stern,
	AUTHOR = {Stern, M.},
	TITLE = {{Beitr\"age zur Combinationslehre und deren Anwendung auf die Theorie der Zahlen}},
	PAGES = {177--192},
	JOURNAL = {J. Reine Angew. Math.},
	VOLUME = {21},
	YEAR = {1840},
}

@article{servois,
	AUTHOR = {Servois, Francois-Joseph},
	TITLE = {R\'eflexions sur les divers syst\`emes d'exposition des principes du calcul diff\'erentiel, et, en particulier, sur la doctrine des infiniment petits},
	JOURNAL = {Annales de Math\'ematiques pures et appliqu\'ees},
	PAGES = {141--170},
	YEAR = {1814-1815},
	VOLUME = {5},
}

@book{servoisessai,
	AUTHOR = {Servois, Francois-Joseph},
	TITLE = {Essai sur un nouveau mode d'exposition des principes du calcul diff\'erentiel},
	ADDRESS = {Nismes},
	YEAR = {1814},
	PUBLISHER = {P. Blachier-Belle},
}

@article{eisenstein1844,
	TITLE = {Transformations remarquables de quelques s\'eries},
	AUTHOR = {Eisenstein, G.},
	PAGES = {193--197},
	VOLUME = {27},
	YEAR = {1844},
	JOURNAL = {J. Reine Angew. Math.},
	NOTE = {Mathematische Werke, Band I, pp.~35--44},
}

@article{burhenne,
	AUTHOR = {Burhenne, Heinrich},
	JOURNAL = {Archiv der Mathematik und Physik},
	PAGES = {442--449},
	VOLUME = {19},
	YEAR = {1852},
	TITLE = {{Ueber das Gesetz der Primzahlen}},
}

@book{sohncke,
	AUTHOR = {Sohncke, L. A.},
	TITLE = {{Sammlung von Aufgaben aus der Differential- und Integralrechnung}},
	YEAR = {1850},
	ADDRESS = {Halle},
	PUBLISHER = {H. W. Schmidt},
}

@book{lacroixIII,
	AUTHOR = {Lacroix, S. F.},
	TITLE = {Trait\'e du calcul diff\'erentiel et du calcul int\'egral, tome troisi\`eme},
	EDITION = {second},
	YEAR = {1819},
	ADDRESS = {Paris},
	PUBLISHER = {Veuve Courcier},
}

@article{clausen,
	JOURNAL = {J. Reine Angew. Math.},
	AUTHOR = {Clausen, Th.},
	TITLE = {{Beitrag zur Theorie der Reihen}},
	VOLUME = {3},
	PAGES = {92--95},
	YEAR = {1828},
}

@article{scherk,
	AUTHOR = {Scherk, H. F.},
	TITLE = {{Bemerkungen \"uber die Lambertsche Reihe $\frac{x}{1-x}+\frac{x^2}{1-x^2}+\frac{x^3}{1-x^3}+\frac{x^4}{1-x^4}+\mathrm{etc}$.}},
	JOURNAL = {J. Reine Angew. Math.},
	PAGES = {162--168},
	VOLUME = {9},
	YEAR = {1832},
}

@book{bourbaki,
	AUTHOR = {Bourbaki, Nicolas},
	TITLE = {Elements of Mathematics. {F}unctions of a Real Variable: {E}lementary Theory},
	PUBLISHER = {Springer},
	YEAR = {2004},
	NOTE = {Translated from the French by Philip Spain},
}

@article{dirichlet1838,
	AUTHOR = {Dirichlet, Gustav Lejeune},
	TITLE = {{\"Uber die Bestimmung asymptotischer Gesetze in der Zahlentheorie}},
	JOURNAL = {Bericht \"uber die Verhandlangen der K\"oniglich Preussischen Akademie der Wissenschaften},
	YEAR = {1838},
	NOTE = {Werke, Band I, pp.~351--356},
	PAGES = {13--15},
}

@book{compendium,
	AUTHOR = {Schl\"omilch, Oskar},
	YEAR = {1874},
	TITLE = {{Compendium der h\"oheren Analysis, zweiter Band}},
	EDITION = {second},
	PUBLISHER = {Friedrich Vieweg und Sohn},
	ADDRESS = {Braunschweig},
}

@article{schlomilch1861,
	AUTHOR = {Schl\"omilch, Oskar},
	YEAR = {1861},
	VOLUME = {6},
	JOURNAL = {Zeitschrift f\"ur Mathematik und Physik},
	TITLE = {{Ueber die Lambert'sche Reihe}},
	PAGES = {407--415},
}

@book{cohen,
	AUTHOR = {Cohen, Henri},
	TITLE = {Number Theory, volume {II}: Analytic and Modern Tools},
	SERIES = {Graduate Texts in Mathematics},
	VOLUME = {240},
	PUBLISHER = {Springer},
	YEAR = {2007},
}

@article{fischer,
	TITLE = {Dirichlet's contributions to mathematical probability theory},
	AUTHOR = {Fischer, Hans},
	JOURNAL = {Historia Math.},
	VOLUME = {21},
	YEAR = {1994},
	PAGES = {39--63},
}

@book{titchmarsh,
	AUTHOR = {Titchmarsh, E. C.},
	TITLE = {The theory of functions},
	YEAR = {2002},
	PUBLISHER = {Oxford University Press},
	EDITION = {second},
}