@book{hofmann1950,
	AUTHOR = {Hofmann, Joseph E.},
	TITLE = {{Nicolaus Mercator (Kauffman), sein Leben und Wirken, vorzugsweise als Mathematiker}},
	SERIES = {Akademie der Wissenschaften und der Literatur in Mainz. Abhandlungen der Mathematisch-Naturwissenschaftlichen Klasse},
	NUMBER = {3},
	YEAR = {1950},
}

@book{LeibnizVII6,
	TITLE = {{Gottfried Wilhelm Leibniz. S\"amtliche Schriften und Briefe. Siebente Reihe: Mathematische Schriften.
	Sechster Band: 1673--1676. Arithmetische Kreisquadratur}},
	EDITOR = {Siegmund Probst and Uwe Mayer},
	YEAR = {2012},
	PUBLISHER = {Akademie-Verlag},
	ADDRESS = {Berlin},
}

@book{gerhardtIII,
	TITLE = {{Leibnizens mathematische Schriften. Band III. Briefwechsel zwischen Leibniz, Jacob Bernoulli, Johann Bernoulli
	und Nicolaus Bernoulli}},
	YEAR = {1856},
	EDITOR = {Gerhardt, C. I.},
	PUBLISHER = {H. W. Schmidt},
	ADDRESS = {Halle},
}

@book{gerhardtIV,
	TITLE = {{Leibnizens mathematische Schriften. Band IV. Briefwechsel zwischen Leibniz, Wallis, Varignon,
	Guido Grandi, Zendrini, Hermann und Freiherrn von Tschirnhaus}},
	YEAR = {1859},
	EDITOR = {Gerhardt, C. I.},
	PUBLISHER = {H. W. Schmidt},
	ADDRESS = {Halle},
}

@book{gerhardtV,
	TITLE = {{Leibnizens mathematische Schriften. Band V}},
	YEAR = {1858},
	EDITOR = {Gerhardt, C. I.},
	PUBLISHER = {H. W. Schmidt},
	ADDRESS = {Halle},
}

@book{wolf,
	TITLE = {{Briefwechsel zwischen Leibniz und Christian Wolf}},
	YEAR = {1860},
	EDITOR = {Gerhardt, C. I.},
	PUBLISHER = {H. W. Schmidt},
	ADDRESS = {Halle},
}

@book{ferraro,
	Author = {Ferraro, Giovanni},
	Publisher = {Springer},
	Series = {Sources and Studies in the History of Mathematics and Physical Sciences},
	Title = {The Rise and Development of the Theory of Series up to the Early 1820s},
	Year = {2008}}
	
@book{wallis,
	Author = {Stedall, Jacqueline A.},
	Publisher = {Springer},
	Series = {Sources and Studies in the History of Mathematics and Physical Sciences},
	Title = {{The Arithmetic of Infinitesimals: John Wallis 1656}},
	Year = {2004}}

@article{knobloch2006,
	AUTHOR = {Knobloch, Eberhard},
	TITLE = {{Beyond Cartesian limits: Leibniz's passage from algebraic to ``transcendental'' mathematics}},
	JOURNAL = {Historia Math.},
	VOLUME = {33},
	NUMBER = {1},
	PAGES = {113--131},
	YEAR = {2006},
}

@article{dhombres,
	AUTHOR = {Dhombres, Jean},
	TITLE = {Is One Proof Enough? Travels with a Mathematician of the {B}aroque Period},
	JOURNAL = {Educational Studies in Mathematics},
	VOLUME = {24},
	NUMBER = {4},
	YEAR = {1993},
	PAGES = {401--419},
}

@article{hofmann1942,
	AUTHOR = {Josef Ehrenfried Hofmann},
	TITLE = {{Das {\em Opus geometricum} des Gregorius a S. Vincentio und seine Einwirkung auf Leibniz}},
	JOURNAL = {Deutsche Akademie der Wissenschaften zu Berlin. Mathematisch-Naturwissenschaftliche Klasse. Abhandlungen},
	YEAR = {1942},
	PAGES = {1--80},
	VOLUME = {13},
}

@article{hofmann1939,
	TITLE = {On the Discovery of the Logarithmic Series and Its Development in {E}ngland up to {C}otes},
	AUTHOR = {Josef Ehrenfried Hofmann},
	JOURNAL = {National Mathematics Magazine},
	VOLUME = {14},
	NUMBER ={1},
	YEAR = {1939},
	PAGES = {37--45},
}

@book{bromwich,
	AUTHOR = {Bromwich, T. J. I'A.},
	TITLE = {An introduction to the theory of infinite series},
	PUBLISHER = {Macmillan},
	EDITION = {second},
	YEAR = {1959},
	ADDRESS = {London},
}

@book{commerciumII,
	EDITOR = {Fellmann, E. A. and Mikhajlov, G. K.},
	TITLE = {Leonhardi {E}uleri {O}pera omnia. {S}eries quarta {A}:
{C}ommercium epistolicum. {V}olumen secundum: {B}riefwechsel von {L}eonhard {E}uler mit {J}ohann {I} {B}ernoulli und {N}iklaus {I} {B}ernoulli},
	YEAR = {1998},
	PUBLISHER  = {Birkh\"auser},
	ADDRESS = {Basel},
}

@article {sorenson,
    AUTHOR = {S{\o}rensen, Henrik Kragh},
     TITLE = {Throwing some light on the vast darkness that is analysis:
              {N}iels {H}enrik {A}bel's critical revision and the concept of
              absolute convergence},
   JOURNAL = {Centaurus},
    VOLUME = {52},
      YEAR = {2010},
    NUMBER = {1},
     PAGES = {38--72},
}

@book{goldstine,
	AUTHOR = {Goldstine, Herman H.},
	TITLE = {A history of numerical analysis from the 16th through the 19th century},
	SERIES = {Studies in the History of Mathematics and Physical Sciences},
	VOLUME = {2},
	YEAR = {1977},
	PUBLISHER = {Springer},
}

@book{domingues,
	AUTHOR = {Domingues, Jo\~{a}o Caramalho},
	PUBLISHER = {Birkh\"auser},
	SERIES = {Science Network Historical Studies},
	VOLUME = {35},
	YEAR = {2008},
	TITLE = {Lacroix and the Calculus},
}