@book{gericke,
	AUTHOR = {Gericke, Helmuth},
	TITLE = {{Mathematik im Abendland. Von den r\"omischen Feldmessern bis zu Descartes}},
	PUBLISHER = {Springer},
	YEAR = {1990},
}

@book{strunk,
	EDITOR = {Strunk, W. Oliver and Treitler, Leo},
	TITLE = {Strunk's Source Readings in Music History},
	EDITION = {revised},
	PUBLISHER = {W. W. Norton \& Company},
	YEAR = {1998},
}

@book{lydus,
	TITLE = {{Ioannis Laurentii Lydi Liber de mensibus}},
	SERIES = {Bibliotheca scriptorum Graecorum et Romanorum Teubneriana},
	EDITOR = {W\"unsch, Richard},
	PUBLISHER = {B. G. Teubner},
	ADDRESS = {Lipsiae},
	YEAR = {1898},
}

@book{euclidisV,
	PUBLISHER = {B. G. Teubner},
	ADDRESS = {Lipsiae},
	TITLE = {{Euclidis Opera omnia, vol. V}},
	EDITOR = {Heiberg, J. L.},
	YEAR = {1888},
}

@book{euclidVIII,
	PUBLISHER = {B. G. Teubner},
	ADDRESS = {Lipsiae},
	TITLE = {{Euclidis Opera omnia, vol. VIII}},
	EDITOR = {Heiberg, J. L. and Menge, H.},
	YEAR = {1916},
}

@book{LCL435,
	TITLE = {{Ptolemy: {\em Tetrabiblos}}},
	SERIES = {Loeb Classical Library},
	NUMBER = {435},
	AUTHOR = {Robbins, F. E.},
	PUBLISHER = {Harvard University Press},
	YEAR = {1940},
}

@book{taliaferro,
	AUTHOR = {Schopp, Ludwig and
	McMahon, John J. and Taliaferro, Robert Catesby and Meagher, Luanne
	and Deferrari, Roy Joseph and McDonald, Mary Francis},
	TITLE = {{Saint Augustine. The Immortality of the Soul; The Magnitude of the Soul; On Music; The Advantage of Believing; On Faith in Things Unseen}},
	PUBLISHER = {Catholic University of America Press},
	YEAR = {1947},
	SERIES = {The Fathers Of The Church: A New Translation},
	VOLUME = {4},
}

@book{timaeum3II,
	EDITOR = {Baltzly, Dirk},
	TITLE = {{Proclus, Commentary on Plato's {\em Timaeus}, volume IV. Book 3, part II: Proclus on the World Soul}},
	PUBLISHER = {Cambridge University Press},
	YEAR = {2009},
}

@book{timaeum4,
	EDITOR = {Baltzly, Dirk},
	TITLE = {{Proclus, Commentary on Plato's {\em Timaeus}, volume V. Book 4: Proclus on Time and the Stars}},
	PUBLISHER = {Cambridge University Press},
	YEAR = {2013},
}

@book{MST47,
	AUTHOR = {Maloney, Thomas S.},
	TITLE = {{Roger Bacon, {\em The Art and Science of Logic}. A translation of the {\em Summulae dialectices} with notes and introduction}},
	YEAR = {2009},
	SERIES = {Mediaeval Sources in Translation},
	VOLUME = {54},
	PUBLISHER = {Pontifical Institute of Mediaeval Studies},
	ADDRESS = {Toronto},
}

@book{campbell,
	AUTHOR = {Campbell, Brian},
	TITLE = {The Writings of the {R}oman Land Surveyors. {I}ntroduction, Text, Translation and Commentary},
	PUBLISHER = {Society for the Promotion of Roman Studies},
	SERIES = {Journal of Roman Studies Monographs},
	NUMBER = {9},
	YEAR = {2000},
	ADDRESS = {London},
}

@book{friedlein,
	AUTHOR = {Friedlein, Gottfried},
	TITLE = {{Anicii Manlii Torquati Severini Boetii De institutione arithmetica libri duo De institutione musica libri quinque. Accedit geometria quae fertur Boetii}},
	PUBLISHER = {B. G. Teubner},
	ADDRESS = {Lipsiae},
	YEAR = {1867},
}

@book{cassiodorus,
	AUTHOR = {Halporn, James W. and Vessey, Mark},
	TITLE = {{Cassiodorus: Institutions of Divine and Secular Learning and On the Soul}},
	SERIES = {Translated Texts for Historians},
	NUMBER = {42},
	PUBLISHER = {Liverpool University Press},
	YEAR = {2004},
}

@book{gersh,
	AUTHOR = {Gersh, Stephen},
	TITLE = {Concord in Discourse: Harmonics and Semiotics in Late Classical and Early Medieval {Platonism}},
	SERIES = {Approaches to Semiotics},
	VOLUME = {125},
	PUBLISHER = {Mouton de Gruyter},
	YEAR = {1996},
}

@book{klein,
	AUTHOR = {Klein, Jacob},
	TITLE = {Greek Mathematical Thought and the Origin of Algebra},
	PUBLISHER = {Dover Publications},
	YEAR = {1992},
	NOTE = {Translated by Eva Brann},
}

@book{rhetoric,
	AUTHOR = {Kennedy, George A.},
	EDITION = {second},
	TITLE = {{Aristotle, On Rhetoric: a theory of civil discourse}},
	PUBLISHER = {Oxford University Press},
	YEAR = {2007},
}

@book{steglich,
	AUTHOR = {Steglich, Rudolf},
	TITLE = {{Die Quaestiones in Musica. Ein Choraltraktat des zentralen Mittelalters und ihr mutmasslicher Verfasser Rudolf von St. Trond (1070--1138)}},
	YEAR = {1911},
	PUBLISHER = {Breitkopf \& H\"artel},
	ADDRESS = {Leipzig},
	SERIES = {Publikationen der Internationalen Musikgesellschaft, Beihefte, 2. F., H. 10},
}

@book{porphyry,
	AUTHOR = {Barker, Andrew},
	TITLE = {{Porphyry's Commentary on Ptolemy's {\em Harmonics}. A Greek Text and Annotated Translation}},
	YEAR = {2015},
	PUBLISHER = {Cambridge University Press},
}

@book{barbera,
	SERIES = {Greek and Latin Music Theory},
	VOLUME = {8},
	TITLE = {{The Euclidean Division of the Canon: Greek and Latin Sources}},
	AUTHOR = {Barbera, Andr\'e},
	PUBLISHER = {University of Nebraska Press},
	YEAR = {1991},
}

@article{bacchius,
	AUTHOR = {Steinmayer, Otto},
	TITLE = {{Bacchius Geron's {\em Introduction to the Art of Music}}},
	JOURNAL = {Journal of Music Theory},
	VOLUME = {29},
	NUMBER = {2},
	YEAR = {1985},
	PAGES = {271--298},
}

@book{favonius,
	EDITOR = {Holder, Alfred},
	TITLE = {{Favonii Eulogii disputatio de somnio Scipionis}},
	PUBLISHER = {B. G. Teubner},
	ADDRESS = {Lipsiae},
	YEAR = {1901},
}

@book{MSG,
	TITLE = {{Musici scriptores Graeci}},
	EDITOR = {Jan, Karl von},
	PUBLISHER = {B. G. Teubner},
	ADDRESS = {Lipsiae},
	YEAR = {1895},
}

@book{west,
	AUTHOR = {West, M. L.},
	PUBLISHER = {Clarendon Press},
	ADDRESS = {Oxford},
	TITLE = {Ancient {Greek} Music},
	YEAR = {1994},
}

@book{vitruvius,
	AUTHOR = {Schofield, Richard},
	TITLE = {{Vitruvius, {\em On Architecture}}},
	YEAR = {2009},
	SERIES = {Penguin Classics},
	PUBLISHER = {Penguin Books},
}

@book{calcidius,
	AUTHOR = {Magee, John},
	TITLE = {{Calcidius, On Plato's {\em Timaeus}}},
	SERIES = {Dumbarton Oaks Medieval Library},
	NUMBER = {41},
	PUBLISHER = {Harvard University Press},
	YEAR = {2016},
}

@book{bower,
	AUTHOR = {Bower, Calvin M.},
	TITLE = {{Anicius Manlius Severinus Boethius, {\em Fundamentals of Music}. Translated, with introduction and notes}},
	PUBLISHER = {Yale University Press},
	YEAR = {1989},
	SERIES = {Music Theory Translation Series},
}

@book{edmonds,
	TITLE = {{The Fragments of Attic Comedy, volume III A}},
	AUTHOR = {Edmonds, John Maxwell},
	PUBLISHER = {E. J. Brill},
	ADDRESS = {Leiden},
	YEAR = {1961},
}

@book{galeni,
	EDITOR = {K\"uhn, Karl Gottlob},
	TITLE = {{Claudii Galeni Opera omnia}},
	PUBLISHER = {C. Cnobloch},
	ADDRESS = {Lipsiae},
	YEAR = {1821--1833},
}

@book{LCL330,
	AUTHOR = {Rackham, H.},
	TITLE = {{Pliny, Natural History, Books 1--2}},
	PUBLISHER = {Harvard University Press},
	YEAR = {1967},
	SERIES = {Loeb Classical Library},
	NUMBER = {330},
}

@book{LCL427,
	AUTHOR = {Cherniss, Harold},
	TITLE = {{Plutarch's {\em Moralia} XIII, part I}},
	PUBLISHER = {Harvard University Press},
	YEAR = {1976},
	SERIES = {Loeb Classical Library},
	NUMBER = {427},
}

@book{LCL428,
	AUTHOR = {Einarson, Benedict and De Lacy, Phillip},
	TITLE = {{Plutarch's {\em Moralia} XIV, 1086 C--1147 A}},
	PUBLISHER = {Harvard University Press},
	YEAR = {1967},
	SERIES = {Loeb Classical Library},
	NUMBER = {428},
}

@book{isidore,
	AUTHOR = {Barney, Stephen A. and Lewis, W. J. and Beach, J. A. and Berghof, Oliver}, 
	TITLE = {{The {\em Etymologies} of Isidore of Seville}},
	PUBLISHER = {Cambridge University Press},
	YEAR = {2006},
}

@article{medovoi,
	AUTHOR = {Medovoi, M. I.},
	TITLE = {{Ob arifmeticheskom traktate Abu-l-Wafy}},
	JOURNAL = {Istoriko-Matematicheskie Issledovaniya},
	VOLUME = {13},
	PAGES = {253--324},
	YEAR = {1960},
}

@phdthesis{schrader,
	AUTHOR = {{Schrader, O.P.}, Sister M. Walter Reginald},
	TITLE = {{The {\em Epistola de proportione et proportionalitate} of Ametus filius Iosephi}},
	YEAR = {1961},
	SCHOOL = {University of Wisconsin},
}

@book{burnett2010,
	AUTHOR = {Burnett, Charles},
	TITLE = {Numerals and arithmetic in the {Middle Ages}},
	PUBLISHER = {Ashgate Variorum},
	YEAR = {2010},
}

@incollection{burnett,
	AUTHOR = {Burnett, Charles},
	TITLE = {{Dialectic and mathematics according to A\d{h}mad ibn Y\={u}suf: a model for Gerard of Cremona's programme of translation and teaching?}},
	BOOKTITLE = {Langage, sciences, philosophie au XIIe si\`ecle},
	PAGES = {83--92},
	EDITOR = {Biard, Jo\={e}l},
	PUBLISHER = {Librairie philosophique J. Vrin},
	ADDRESS = {Paris},
	YEAR = {1999},
}

@book{blasius,
	EDITOR = {Biard, Jo\={e}l and Rommevaux, Sabine},
	TITLE = {{Blaise de Parme, Quaestiones circa tractatum proportionum magistri Thome Braduardini}},
	SERIES = {Textes philosophiques du Moyen \^{A}ge},
	VOLUME = {XXII},
	YEAR = {2005},
	PUBLISHER = {Librairie philosophique J. Vrin},
	ADDRESS = {Paris},
}

@book{archimedes2,
	TITLE = {{Archimedes in the Middle Ages. Volume 2: The translations from the Greek by William of Moerbeke}},
	AUTHOR = {Clagett, Marshall},
	SERIES = {Memoirs of the American Philosophical Society},
	VOLUME = {117},
	PUBLISHER = {American Philosophical Society},
	ADDRESS = {Philadelphia},
	YEAR = {1976},
}

@book{netz,
	AUTHOR = {Netz, Reviel},
	TITLE = {The shaping of deduction in {G}reek mathematics: a study in cognitive history},
	PUBLISHER = {Cambridge University Press},
	YEAR = {1999},
	SERIES = {Ideas in Context},
	VOLUME = {51},
}

@book{waerden,
	AUTHOR = {Waerden, B. L. van der},
	TITLE = {Science awakening},
	NOTE = {Translated by Arnold Dresden},
	PUBLISHER = {Oxford University Press},
	YEAR = {1961},
}

@incollection{christianidis,
	AUTHOR = {Christianidis, Jean},
	TITLE = {On the History of Indeterminate Problems of the First Degree in {G}reek Mathematics},
	BOOKTITLE = {Trends in the Historiography of Science},
	EDITOR = {Kostas Gavroglu and Jean Christianidis and Efthymios Nicolaidis},
	PAGES = {237--247},
	YEAR = {1994},
	PUBLISHER = {Springer},
	SERIES = {Boston Studies in the Philosophy of Science},
	VOLUME = {151},
}

@book{aelian,
	AUTHOR = {N. G. Wilson},
	SERIES = {Loeb Classical Library},
	PUBLISHER = {Harvard University Press},
	TITLE = {{Aelian: {\em Historical Miscellany}}},
	NUMBER = {486},
	YEAR = {1997},
}

@book{szabo,
	AUTHOR = {Szab\'o, \'Arp\'ad},
	TITLE = {The beginnings of {G}reek mathematics},
	PUBLISHER = {D. Reidel Publishing Company},
	ADDRESS = {Dordrecht},
	VOLUME = {17},
	SERIES = {Sythese Historical Library},
	YEAR = {1978},
	NOTE = {Translated from the German by A. M. Ungar},
}

@book{libbrecht,
	TITLE = {Chinese Mathematics in the Thirteenth Century},
	AUTHOR = {Libbrecht, Ulrich},
	PUBLISHER = {Dover Publications},
	YEAR = {2005},
}

@book{philolaus,
	AUTHOR = {Huffman, Carl A.},
	TITLE = {Philolaus of {C}roton: {P}ythagorean and {P}resocratic},
	YEAR = {2006},
	PUBLISHER = {Cambridge University Press},
}

@book{archytas,
	AUTHOR = {Huffman, Carl A.},
	TITLE = {Archytas of {T}arentum: {P}ythagorean, Philosopher and Mathematician King},
	PUBLISHER = {Cambridge University Press},
	YEAR = {2005},
}

@book{grant1966,
	EDITOR = {Grant, Edward},
	TITLE = {{Nicole Oresme, {\em De proportionibus proportionum} and {\em Ad pauca respicientes}}},
	YEAR = {1966},
	PUBLISHER = {University of Wisconsin Press},
	NUMBER = {8},
	SERIES = {University of Wisconsin Publications in Medieval Science},
}

@book{anaritius,
	EDITOR = {Curtze, Maximilian},
	TITLE = {{Anaritii in decem libros priores Elementorum Euclidis commentarii}},
	PUBLISHER = {B. G. Teubner},
	ADDRESS = {Leipzig},
	YEAR = {1899},
}

@book{philoponus,
	EDITOR = {Hoche, Richard},
	TITLE = {{I\={o}annu grammatiku Alexandre\={o}s (tu Philoponu) eis to pr\={o}ton t\={e}s Nikomachu arithm\={e}tik\={e}s eisag\={o}g\={e}s}},
	PUBLISHER = {B. G. Teubner},
	ADDRESS = {Leipzig},
	YEAR = {1864},
}

@book{timaeus,
	AUTHOR = {Cornford, Francis Macdonald},
	TITLE = {Plato's cosmology: the {{\em Timaeus}} of {P}lato translated, with a running commentary},
	YEAR = {1937},
	PUBLISHER = {Kegan Paul},
	ADDRESS = {London},
}

@article{zeeman,
	AUTHOR = {Zeeman, E. C.},
	TITLE = {Gears from the {G}reeks},
	JOURNAL = {Proceedings of the Royal Institution of Great Britain},
	VOLUME = {58},
	YEAR = {1986},
	PAGES = {137--156},
}

@book{geminus,
	AUTHOR = {Evans, James and Berggren, J. Lennart},
	TITLE = {Geminos's {{\em Introduction to the Phenomena}}:
A Translation and Study of a {H}ellenistic Survey of Astronomy},
	PUBLISHER = {Princeton University Press},
	YEAR = {2007},
}

@article{goldstein,
	AUTHOR = {Goldstein, Bernard R.},
	TITLE = {A Note on the {M}etonic Cycle},
	JOURNAL = {Isis},
	VOLUME = {57},
	NUMBER = {1},
	PAGES = {115--116},
	YEAR = {1966},
}

@article {saidan,
    AUTHOR = {Saidan, A. S.},
     TITLE = {The arithmetic of {A}b\=u'l-{W}af\=a'},
   JOURNAL = {Isis},
    VOLUME = {65},
    NUMBER = {3},
      YEAR = {1974},
     PAGES = {367--374},
}

@incollection{burnyeat,
	TITLE = {Plato on Why Mathematics is Good for the Soul},
	AUTHOR = {Burnyeat, M. F.},
	PAGES = {1--81},
	EDITOR = {Timothy Smiley},
	BOOKTITLE = {Mathematics and Necessity: Essays in the History of Philosophy},
	PUBLISHER = {Oxford University Press},
	YEAR = {2000},
	SERIES = {Proceedings of the British Academy},
	VOLUME = {103},
}

@book{plooij,
	AUTHOR = {Plooij, Edward Bernard},
	TITLE = {Euclid's conception of ratio and his definition of proportional magnitudes as criticized by {A}rabian commentators},
	PUBLISHER = {W. J. van Hengel},
	ADDRESS = {Rotterdam},
	YEAR = {1950},
}

@book{taisbak,
	AUTHOR = {Taisbak, Christian Marinus},
	YEAR = {1971},
	SERIES = {Acta Historica Scientiarum Naturalium et Medicinalium},
	VOLUME = {25},
	PUBLISHER = {Odense University Press},
	TITLE = {Division and Logos: A Theory of Equivalent Couples and Sets of Integers, Propounded by {E}uclid in the Arithmetical Books of the {E}lements},
}

@book{quadrangles,
	AUTHOR = {Taisbak, Christian Marinus},
	TITLE = {{Coloured Quadrangles. A Guide to the Tenth Book of {E}uclid's {E}lements}},
	PUBLISHER = {Museum Tusculanum Press},
	ADDRESS = {Copenhagen},
	YEAR = {1982},
	SERIES = {Opuscula Graecolatina},
	VOLUME = {24},
}

@article{rommevaux,
	JOURNAL = {Revue d'histoire des math\'ematiques},
	VOLUME = {5},
	YEAR = {1999},
	PAGES = {83--126},
	AUTHOR = {Rommevaux, Sabine},
	TITLE = {{La proportionnalit\'e num\'erique dans le livre VII des \'El\'ements de Campanus}},
}

@book{cornford,
	TITLE = {{Plato and Parmenides: Parmenides' {\em Way of Truth} and Plato's {\em Parmenides}, translated with an introduction
	and a running commentary}},
	AUTHOR = {Cornford, Francis Macdonald},
	PUBLISHER = {Kegan Paul},
	ADDRESS = {London},
	YEAR = {1939},
}

@book{mueller,
	AUTHOR = {Mueller, Ian},
	TITLE = {Philosophy of Mathematics and Deductive Structure in {Euclid's {\em Elements}}},
	PUBLISHER = {Dover Publications},
	YEAR = {2006},
}

@article{thorup,
	AUTHOR = {Thorup, Anders},
	TITLE = {A Pre-{E}uclidean Theory of Proportions},
	JOURNAL = {Arch. Hist. Exact Sci.},
	VOLUME = {45},
	NUMBER = {1},
	PAGES = {1--16},
	YEAR = {1992},
}

@article{mendell,
	AUTHOR = {Mendell, Henry},
	TITLE = {Two Traces of Two-Step {E}udoxan Proportion Theory in {A}ristotle: a Tale of Definitions in {A}ristotle, with a Moral},
	JOURNAL = {Arch. Hist. Exact Sci.},
	VOLUME = {61},
	NUMBER = {1},
	PAGES = {3--37},
	YEAR = {2007},
}

@book{sigler,
	AUTHOR = {Sigler, L. E.},
	TITLE = {{Leonardo Pisano Fibonacci, The Book of Squares}},
	YEAR = {1987},
	PUBLISHER = {Academic Press},
}

@book{abaci,
	TITLE = {{Fibonacci's Liber Abaci: A Translation into Modern English of Leonardo Pisano's Book of Calculation}},
	AUTHOR = {Sigler, L. E.},
	SERIES = {Sources and Studies in the History of Mathematics and Physical Sciences},
	PUBLISHER = {Springer},
	YEAR = {2002},
}

@book{pappus7,
	AUTHOR = {Jones, Alexander},
	SERIES = {Sources in the History of Mathematical and Physical Sciences},
	VOLUME = {8},
	TITLE = {{Pappus of Alexandria, Book 7 of the {\em Collection}. Part 1. Introduction, Text
	and Translation}},
	PUBLISHER = {Springer},
	YEAR = {1986},
}

@book{sage,
	TITLE = {Warfare in Ancient {G}reece: A Sourcebook},
	AUTHOR = {Sage, Michael M.},
	PUBLISHER = {Routledge},
	YEAR = {1996},
}

@incollection{metaphysica,
	TITLE = {Metaphysica},
	BOOKTITLE = {The Works of Aristotle, volume VIII},
	EDITION = {second},
	EDITOR = {Ross, W. D.},
	AUTHOR = {Ross, W. D.},
	PUBLISHER = {Clarendon Press},
	ADDRESS = {Oxford},
	YEAR = {1928},
}

@book{herlinger,
	AUTHOR = {Herlinger, Jan},
	TITLE = {{Prosdocimo de' Beldomandi, {\em Plana musica} and {\em Musica speculativa}}},
	YEAR = {2008},
	SERIES = {Studies in the History of Music Theory and Literature},
	VOLUME = {4},
	PUBLISHER = {University of Illinois Press},
}

@book{prosdocimo,
	TITLE = {{Prosdocimo de' Beldomandi, {\em Brevis summula proportionum quantum ad musicam pertinet}
	and {\em Parvus tractatulus de modo monacordum dividendi}}},
	AUTHOR = {Herlinger, Jan},
	PUBLISHER = {University of Nebraska Press},
	YEAR = {1987},
}

@book{itard,
	AUTHOR = {Itard, Jean},
	TITLE = {Les livres arithm\'etiques d'{E}uclide},
	PUBLISHER = {Hermann},
	ADDRESS = {Paris},
	YEAR = {1961},
	SERIES = {Histoire de la Pens\'ee},
	VOLUME = {X},
}

@book{allen,
	AUTHOR = {Allen, R. E.},
	TITLE = {{Plato's {\em Parmenides}}},
	PUBLISHER = {Yale University Press},
	YEAR = {1997},
	SERIES = {The Dialogues of Plato},
	VOLUME = {4},
	NOTE = {revised edition},
}

@book{theinred,
	AUTHOR = {Snyder, John L.},
	TITLE = {{Theinred of Dover's {\em De legitimis ordinibus pentachordorum et tetrachordorum}: a critical text and translation with an introduction, annotations, and indices}},
	PUBLISHER = {Institute of Medieval Music},
	ADDRESS = {Ottawa},
	YEAR = {2006},
	SERIES = {Musical Theorists in Translation},
	VOLUME = {18},
}

@book{dupuis,
	AUTHOR = {Dupuis, J.},
	TITLE = {{Th\'eon de Smyrne, philosophe platonicien. Exposition des connaissances math\'ematiques utiles pour la lecture de Platon}},
	PUBLISHER = {Librairie Hachette et Cie},
	ADDRESS = {Paris},
	YEAR = {1892},
}

@book{festugiereII,
	AUTHOR = {Festugi\`ere, A. J.},
	TITLE = {{Proclus: Commentaire sur la R\'epublique, tome II, dissertations VII--XIV}},
	PUBLISHER = {Librairie philosophique J. Vrin},
	YEAR = {1970},
	ADDRESS = {Paris},
}

@book{iosifescu,
	AUTHOR = {Iosifescu, Marius and Kraaikamp, Cor},
	TITLE = {Metrical theory of continued fractions},
	SERIES = {Mathematics and Its Applications},
	VOLUME = {547},
	PUBLISHER = {Kluwer Academic Publishers},
	YEAR = {2002},
}

@book{einsiedler,
	AUTHOR = {Einsiedler, Manfred and Ward, Thomas},
	TITLE = {Ergodic Theory: with a view towards Number Theory},
	SERIES = {Graduate Texts in Mathematics},
	VOLUME = {259},
	PUBLISHER = {Springer},
	YEAR = {2010},
}

@book{domninus,
	AUTHOR = {Riedlberger, Peter},
	TITLE = {Domninus of {L}arissa: {E}nchiridion and Spurious Works},
	SERIES = {Mathematica graeca antiqua},
	VOLUME = {2},
	PUBLISHER = {Fabrizio Serra editore},
	YEAR = {2013},
}

@book{pappusX,
	TITLE = {{The Commentary of Pappus on Book X of Euclid's Elements}},
	SERIES = {Harvard Semitic Series},
	VOLUME = {VIII},
	AUTHOR = {Thomson, William and Junge, Gustav},
	PUBLISHER = {Harvard University Press},
	YEAR = {1930},
}

@book{aristotle,
	AUTHOR = {Heath, Thomas L.},
	TITLE = {Mathematics in {A}ristotle},
	PUBLISHER = {Claredon Press},
	ADDRESS = {Oxford},
	YEAR = {1949},
}

@book{iamblichus,
	AUTHOR = {Vinel, Nicolas},
	TITLE = {{Jamblique, In Nicomachi Arithmeticam. Introduction, texte critique, traduction fran{\c c}aise et notes de commentaires}},
	SERIES = {Mathematica graeca antiqua},
	VOLUME = {3},
	PUBLISHER = {Fabrizio Serra editore},
	YEAR = {2014},
}

@book{beere,
	SERIES = {Oxford Aristotle Studies Series},
	PUBLISHER = {Oxford University Press},
	AUTHOR = {Jonathan Beere},
	TITLE = {{Doing and Being: An Interpretation of Aristotle's {\em Metaphysics} Theta}},
	YEAR = {2012},
}

@book{censorinus,
	AUTHOR = {Parker, Holt N.},
	TITLE = {{Censorinus, {\em The birthday book}}},
	PUBLISHER = {University of Chicago Press},
	YEAR = {2007},
}

@book{ninechapters,
	AUTHOR = {Lun, Anthony W.-C. and Crossley, John N. and Shen, Kangshen},
	TITLE = {The Nine Chapters on the Mathematical Art: Companion and Commentary},
	PUBLISHER = {Oxord University Press},
	YEAR = {1999},
}

@book{dicks,
	AUTHOR = {Dicks, D. R.},
	TITLE = {The Geographical Fragments of {H}ipparchus},
	PUBLISHER = {University of London, Athlone Press},
	YEAR = {1960},
}

@book{aristarchus,
	AUTHOR = {Heath, Thomas L.},
	PUBLISHER = {Clarendon Press},
	ADDRESS = {Oxford},
	YEAR = {1913},
	TITLE = {{Aristarchus of Samos: The Ancient Copernicus}},
}

@book{neugebauer,
	AUTHOR = {Neugebauer, Otto},
	TITLE = {A History of Ancient Mathematical Astronomy},
	PUBLISHER = {Springer},
	YEAR = {1975},
	SERIES = {Studies in the History of Mathematics and Physical Sciences},
	VOLUME = {1},
}

@book{huillier,
	TITLE = {{Le {\em Quadripartitum numerorum} de Jean de Murs (1343): Introduction et \'edition critique}},
	PUBLISHER = {Librairie Droz},
	YEAR = {1990},
	AUTHOR = {L'Huillier, Ghislaine},
	SERIES = {M\'emoires et Documents publi\'es par la Soci\'et\'e l'\'Ecole des Chartes},
	VOLUME = {32},
}

@book{jordanus,
	EDITOR = {Busard, H. L. L.},
	TITLE = {{Jordanus de Nemore, {\em De elementis arithmetice artis}: a medieval treatise on number theory. Part I: Text and paraphrase}},
	PUBLISHER = {Franz Steiner Verlag},
	ADDRESS = {Stuttgart},
	YEAR = {1991},
}

@incollection{murdoch,
	AUTHOR = {Murdoch, John E.},
	TITLE = {The medieval language of proportions: Elements of the interaction
	with {G}reek foundations and the development of new mathematical techniques},
	PAGES = {237--271},
	ADDRESS = {London},
	PUBLISHER = {Heinemann},
	YEAR = {1963},
	EDITOR = {Crombie, A. C.},
	BOOKTITLE = {Scientific Change},
	CALL = {Gerstein Q125.S95},
}

@incollection{hogendijk,
	TITLE = {Anthyphairetic Ratio Theory in Medieval {I}slamic Mathematics},
	AUTHOR = {Hogendijk, Jan P.},
	PAGES = {187--202},
	EDITOR = {Dold-Samplonius, Yvonne and Dauben, Joseph W. and Folkerts, Menso and Dalen, Benno van},
	BOOKTITLE = {From China to Paris: 2000 Years Transmission of Mathematical Ideas},
	PUBLISHER = {Franz Steiner Verlag},
	ADDRESS = {Stuttgart},
	YEAR = {2002},
}

@book{proclus,
	AUTHOR = {Morrow, Glenn R.},
	TITLE = {{Proclus: A Commentary on the First Book of Euclid's {\em Elements}}},
	PUBLISHER = {Princeton University Press},
	YEAR = {1992},
}

@book{grant1974,
	EDITOR = {Grant, Edward},
	TITLE = {A Source Book in Medieval Science},
	YEAR = {1974},
	PUBLISHER = {Harvard University Press},
}

@book{knorr,
	TITLE = {The Evolution of the {E}uclidean {E}lements: A Study of the Theory of Incommensurable Magnitudes and Its Significance for Early {G}reek Geometry},
	VOLUME = {15},
	SERIES = {Synthese Historical Library},
	PUBLISHER = {D. Reidel Publishing Company},
	ADDRESS = {Dordrecht},
	YEAR = {1975},
	AUTHOR = {Knorr, Wilbur Richard},
}

@article{knorr1982,
	AUTHOR = {Knorr, Wilbur Richard},
	TITLE = {Techniques of fractions in ancient {E}gypt and {G}reece},
	JOURNAL = {Historia Math.},
	VOLUME = {9},
	NUMBER = {2},
	PAGES = {133--171},
	YEAR = {1982},
}

@book{macran,
	TITLE = {{The Harmonics of Aristoxenus}},
	AUTHOR = {Macran, Henry S.},
	PUBLISHER = {Clarendon Press},
	ADDRESS = {Oxford},
	YEAR = {1902},
}

@book{GMWI,
	AUTHOR = {Barker, Andrew},
	YEAR = {2004},
	TITLE = {Greek Musical Writings, volume {I}: The Musician and his Art},
	SERIES = {Cambridge Readings in the Literature of Music},
	PUBLISHER = {Cambridge University Press},
}

@book{barker,
	AUTHOR = {Barker, Andrew},
	YEAR = {2004},
	TITLE = {Greek Musical Writings, volume {II}: Harmonic and Acoustic Theory},
	SERIES = {Cambridge Readings in the Literature of Music},
	PUBLISHER = {Cambridge University Press},
}

@book{euclidII,
	AUTHOR = {Heath, Thomas L.},
	PUBLISHER = {Dover Publications},
	YEAR = {1956},
	TITLE = {The thirteen books of {E}uclid's {E}lements, volume {II}: {B}ooks {III}-{IX}},
	EDITION = {second},
}

@book{almagest,
	AUTHOR = {Toomer, G. J.},
	TITLE = {{Ptolemy's {\em Almagest}}},
	PUBLISHER = {Duckworth},
	YEAR = {1984},
}

@article{grattan,
	AUTHOR = {Grattan-Guinness, Ivor},
	TITLE = {Numbers, Magnitudes, Ratios, and Proportions in {E}uclid's
{{\em Elements}}: How Did He Handle Them?},
	JOURNAL = {Historia Math.},
	VOLUME = {23},
	YEAR = {1996},
	PAGES = {355--375},
}

@book{macrobius,
	AUTHOR = {Stahl, William Harris},
	PUBLISHER = {Columbia University Press},
	YEAR = {1952},
	TITLE = {{Macrobius, {\em Commentary on the Dream of Scipio}}},
	SERIES = {Records of Civilization, Sources and Studies},
	NUMBER = {48},
}

@book{martianusII,
	AUTHOR = {Stahl, William Harris and Johnson, Richard and Burge, E. L.},
	PUBLISHER = {Columbia University Press},
	YEAR = {1977},
	TITLE = {{Martianus Capella and the Seven Liberal Arts, volume II. The Marriage of Philology and Mercury}},
	SERIES = {Records of Civilization: Sources and Studies},
	NUMBER = {84},
}

@book{campanusI,
	TITLE = {{Campanus of Novara and Euclid's {\em Elements}, volume I}},
	EDITOR = {Busard, H. L. L.},
	PUBLISHER = {Franz Steiner Verlag},
	ADDRESS = {Stuttgart},
	YEAR = {2005},
}

@article{suanshushu,
	AUTHOR = {Dauben, Joseph W.},
	TITLE = {Suan Shu Shu: A Book on Numbers and Computations. {E}nglish Translation with Commentary},
	JOURNAL = {Arch. Hist. Exact Sci.},
	VOLUME = {62},
	NUMBER = {2},
	PAGES = {91--178},
	YEAR = {2008},
}

@book{vitrac2,
	AUTHOR = {Vitrac, Bernard},
	TITLE = {{Euclide d'Alexandrie. Les \'El\'ements. Volume 2: Livres V--IX}},
	PUBLISHER = {Presses Universitaires de France},
	ADDRESS = {Paris},
	YEAR = {1994},
	SERIES = {Biblioth\`eque d'histoire des sciences},
}

@book{metrica,
	TITLE = {{H\'eron d'Alexandrie, {\em Metrica}, introduction, texte critique, traduction fran\c{c}aise et notes de commentaire}},
	PUBLISHER = {Fabrizio Serra editore},
	SERIES = {Mathematica graeca antiqua},
	VOLUME = {4},
	YEAR = {2014},
	AUTHOR = {Acerbi, Fabio and Vitrac, Bernard},
}

@book{diophantus,
	AUTHOR = {Heath, Thomas L.},
	YEAR = {1964},
	PUBLISHER = {Dover Publications},
	EDITION = {second},
	TITLE = {Diophantus of {A}lexandria: A Study in the History of {G}reek Algebra},
}

@book{nicomachus,
	TITLE = {{Nicomachus of Gerasa: {\em Introduction to arithmetic}}},
	AUTHOR = {Martin Luther D'Ooge and Frank Egleston Robbins and Louis Charles Karpinski},
	PUBLISHER = {Macmillan},
	ADDRESS = {New York},
	YEAR = {1926},
	SERIES = {University of Michigan Studies, Humanistic Series},
	VOLUME = {XVI},
}

@article{taran,
	AUTHOR = {Tar\'an, Leonardo},
	TITLE = {{Asclepius of Tralles: Commentary to Nicomachus' Introduction to Arithmetic}},
	JOURNAL = {Transactions of the American Philosophical Society},
	VOLUME = {59},
	NUMBER = {4},
	PAGES = {1--89},
	YEAR = {1969},
}

@book{hindu,
	AUTHOR = {Datta, Bibhutibhushan and Singh, Avadhesh Narayan},
	TITLE = {History of {H}indu Mathematics: A Source Book},
	YEAR = {1962},
	PUBLISHER = {Asia Publishing House},
}

@book{weil,
	AUTHOR = {Weil, Andr\'e},
	TITLE = {Number Theory: An approach through history from {H}ammurapi to {L}egendre},
	PUBLISHER = {Birkh{\" a}user},
	YEAR = {1984},
}

@book{LCL335,
	SERIES = {Loeb Classical Library},
	NUMBER = {362},
	EDITOR = {Thomas, Ivor},
	YEAR = {1991},
	PUBLISHER = {Harvard University Press},
	TITLE = {Greek Mathematics, volume {I}},
}

@book{LCL362,
	SERIES = {Loeb Classical Library},
	NUMBER = {362},
	EDITOR = {Thomas, Ivor},
	YEAR = {1993},
	PUBLISHER = {Harvard University Press},
	TITLE = {Greek Mathematics, volume {II}},
}

@article {larsen,
    AUTHOR = {Larsen, Mogens Esrom},
     TITLE = {On the possibility of a pre-{E}uclidean theory of proportions},
   JOURNAL = {Centaurus},
  FJOURNAL = {Centaurus. An International Journal of the History of Science
              and its Cultural Aspects},
    VOLUME = {27},
      YEAR = {1984},
    NUMBER = {1},
     PAGES = {1--25},
}

@book{fowler,
	AUTHOR = {Fowler, David},
	TITLE = {The mathematics of {P}lato's {A}cademy: a new reconstruction},
	EDITION = {second},
	YEAR = {1999},
	PUBLISHER = {Clarendon Press},
	ADDRESS = {Oxford},
}

@article {pengelley,
    AUTHOR = {Pengelley, David and Richman, Fred},
     TITLE = {Did {E}uclid need the {E}uclidean algorithm to prove unique
              factorization?},
   JOURNAL = {Amer. Math. Monthly},
  FJOURNAL = {The American Mathematical Monthly},
    VOLUME = {113},
      YEAR = {2006},
    NUMBER = {3},
     PAGES = {196--205},
}