@book{rome1931,
	TITLE = {{Commentaires de Pappus et de Th\'eon d'Alexandrie sur l'Almageste}},
	AUTHOR = {Rome, A.},
	YEAR = {1931--43},
	PUBLISHER = {Biblioteca apostolica vaticana},
	ADDRESS = {Roma},
	SERIES = {Studi e testi},
	VOLUME = {54, 72, 106},
}

@book{studi315,
	EDITOR = {Mogenet, Joseph and Tihon, Anne},
	TITLE = {{Le ``Grand commentaire'' de Th\'eon d'Alexandrie aux tables faciles de Ptol\'em\'ee. Livre I.
	Histoire du texte, \'edition critique, traduction}},
	YEAR = {1985},
	SERIES = {Studi e Testi},
	NUMBER = {315},
	ADDRESS = {Citt\`a del Vaticano},
	PUBLISHER = {Biblioteca apostolica vaticana},
}

@book{studi340,
	EDITOR = {Tihon, Anne},
	TITLE = {{Le ``Grand Commentaire'' de Th\'eon d'Alexandrie aux Tables Faciles de Ptol\'em\'ee.
	Livres II et III. \'Edition critique, traduction, commentaire}},
	YEAR = {1991},
	SERIES = {Studi e Testi},
	NUMBER = {340},
	ADDRESS = {Citt\`a del Vaticano},
	PUBLISHER = {Biblioteca apostolica vaticana},
}

@book{studi390,
	EDITOR = {Tihon, Anne},
	TITLE = {{Le ``Grand Commentaire'' de Th\'eon d'Alexandrie aux Tables Faciles de Ptol\'em\'ee.
	Livre IV. \'Edition critique, traduction, commentaire}},
	YEAR = {1999},
	SERIES = {Studi e Testi},
	NUMBER = {390},
	ADDRESS = {Citt\`a del Vaticano},
	PUBLISHER = {Biblioteca apostolica vaticana},
}

@article{bjornbo,
	AUTHOR = {Bj\"ornbo, Axel Anthon},
	TITLE = {{Studien \"uber Menelaos' Sph\"arik. Beitr\"age zur Geschichte der Sph\"arik und Trigonometrie der Griechen}},
	PAGES = {1--154},
	JOURNAL = {Abhandlungen zur Geschichte der mathematischen Wissenschaften mit Einschluss ihrer Anwendungen},
	VOLUME = {14},
	YEAR = {1902},
}

@book{dicks,
	AUTHOR = {Dicks, D. R.},
	TITLE = {The Geographical Fragments of {H}ipparchus},
	PUBLISHER = {University of London, Athlone Press},
	YEAR = {1960},
}