@book{sandifer,
	AUTHOR = {Sandifer, C. Edward},
	TITLE = {How Euler Did It},
	YEAR = {2007},
	PUBLISHER = {Mathematical Association of America},
	SERIES = {The MAA Tercentenary Euler Celebration},
}

@book{serre,
	AUTHOR = {Serre, Jean-Pierre},
	TITLE = {Local Fields},
	NOTE = {Translated from the French by Marvin Jay Greenberg},
	PUBLISHER = {Springer},
	SERIES = {Graduate Texts in Mathematics},
	VOLUME = {67},
	YEAR = {1979},
}

@book{knuth,
	AUTHOR = {Knuth, Donald E.},
	TITLE = {The Art of Computer Programming, volume 1: Fundamental Algorithms},
	EDITION = {third},
	PUBLISHER = {Addison-Wesley},
	YEAR = {1997},
}

@article{witt,
	JOURNAL = {Ann. Sci. \'Ec. Norm. Sup\'er. (4)},
	AUTHOR = {Ojanguren, Manuel and Panin, Ivan},
	TITLE = {A purity theorem for the {W}itt group},
	YEAR = {1999},
	VOLUME = {32},
	PAGES = {71--86},
	NUMBER = {1},
}