@book{wojtaszczyk,
	AUTHOR = {Wojtaszczyk, P.},
	TITLE = {A mathematical introduction to wavelets},
	SERIES = {London Mathematical Society Student Texts},
	VOLUME = {37},
	YEAR = {1997},
	PUBLISHER = {Cambridge University Press},
}

@article{moore,
	AUTHOR = {Moore, C. N.},
	TITLE = {Summability of series},
	JOURNAL = {Amer. Math. Monthly},
	VOLUME = {39},
	NUMBER = {2},
	YEAR = {1932},
	PAGES = {62--71},
}

@article {MR0235336,
    AUTHOR = {McArthur, C. W.},
     TITLE = {Series with sums invariant under rearrangement},
   JOURNAL = {Amer. Math. Monthly},
  FJOURNAL = {The American Mathematical Monthly},
    VOLUME = {75},
      YEAR = {1968},
     PAGES = {729--731},
}

@article {MR1613384,
    AUTHOR = {Elstrodt, J{\"u}rgen},
     TITLE = {Annotationes historicae},
   JOURNAL = {Mitt. Dtsch. Math.-Ver.},
  FJOURNAL = {Mitteilungen der Deutschen Mathematiker-Vereinigung},
      YEAR = {1998},
    NUMBER = {1},
     PAGES = {23--24},
}

@article{achilles,
	AUTHOR = {Hinton, J. M. and Martin, C. B.},
	TITLE = {Achilles and the tortoise},
	JOURNAL = {Analysis},
	VOLUME = {14},
	NUMBER = {3},
	YEAR = {1954},
	PAGES = {56--68},
}

@article{gersonides,
	TITLE = {Medieval Infinities in Mathematics and the Contribution of {G}ersonides},
	AUTHOR = {Kohler, George},
	JOURNAL = {History of Philosophy Quarterly},
	VOLUME = {23},
	NUMBER = {2},
	YEAR = {2006},
	PAGES = {95--116},
}

@article{watling,
	JOURNAL = {Analysis},
	AUTHOR = {Watling, J.},
	TITLE = {The sum of an infinite series},
	YEAR = {1952},
	VOLUME = {13},
	NUMBER = {2},
	PAGES = {39--46},
}

@article{grunbaum,
	AUTHOR = {Gr\"unbaum, Adolf},
	TITLE = {Can an infinitude of operations be performed in a finite time?},
	JOURNAL = {Br. J. Philos. Sci.},
	VOLUME = {20},
	NUMBER = {3},
	YEAR = {1969},
	PAGES = {203--218},
}

@article{dutka,
	AUTHOR = {Dutka, Jacques},
	TITLE = {On the {S}t. {P}etersburg Paradox},
	JOURNAL = {Arch. Hist. Exact Sci.},
	VOLUME = {39},
	NUMBER = {1},
	YEAR = {1988},
	PAGES = {13--39},
}

@incollection{pringsheim,
        AUTHOR = {Pringsheim, Alfred},
        PUBLISHER = {B. G. Teubner},
        EDITOR = {Meyer, Wilhelm Franz},
        ADDRESS = {Leipzig},
        YEAR = {1898--1904},
        TITLE = {{Irrationalzahlen und Konvergenz unendlicher Prozesse}},
        BOOKTITLE = {Enzyklop\"adie der Mathematischen Wissenschaften mit
Einschluss ihrer Anwendungen. Band I, 1. Teil},
        PAGES = {47--146},
}

@book{bourbaki,
	TITLE = {General Topology, Chapters 1--4},
	SERIES = {Elements of Mathematics},
	AUTHOR = {Bourbaki, Nicolas},
	PUBLISHER = {Springer},
	YEAR = {1989},
}

@book {wallis,
    AUTHOR = {Wallis, John},
     TITLE = {The arithmetic of infinitesimals},
    SERIES = {Sources and Studies in the History of Mathematics and Physical
              Sciences},
      NOTE = {Translated from the Latin and with an introduction by
              Jaequeline A. Stedall},
 PUBLISHER = {Springer},
      YEAR = {2004},
}

@book {roy,
    AUTHOR = {Roy, Ranjan},
     TITLE = {Sources in the development of mathematics},
      NOTE = {Infinite series and products from the fifteenth to the
              twenty-first century},
 PUBLISHER = {Cambridge University Press},
      YEAR = {2011},
}

@article{brouncker,
	AUTHOR = {Brouncker, William},
	TITLE = {The Squaring of the Hyperbola, by an Infinite Series of Rational Numbers, Together with Its Demonstration, by that Eminent Mathematician, the Right Honourable the {L}ord {V}iscount {B}rouncker},
	JOURNAL = {Phil. Trans.},
	YEAR = {1668},
	VOLUME = {3},
	PAGES = {645--649},
}

@book {MR2368303,
    AUTHOR = {Ferraro, Giovanni},
     TITLE = {The rise and development of the theory of series up to the
              early 1820s},
    SERIES = {Sources and Studies in the History of Mathematics and Physical
              Sciences},
 PUBLISHER = {Springer},
      YEAR = {2008},
}

@article{ferraro,
	AUTHOR = {Ferraro, Giovanni},
	TITLE = {The first modern definition of the sum of a divergent
series: an aspect of the rise of 20th century mathematics},
	JOURNAL = {Arch. Hist. Exact Sci.},
	VOLUME = {54},
	NUMBER = {2},
	YEAR = {1999},
	PAGES = {101--135},
}

@book{ferreiros,
	AUTHOR = {Ferreir\'os, Jos\'e},
	TITLE = {Labyrinth of Thought: A History of Set Theory and Its Role in Modern Mathematics},
	PUBLISHER = {Birkh\"auser},
	YEAR = {2007},
	EDITION = {second},
}

@article{hofmann,
	TITLE = {On the Discovery of the Logarithmic Series and Its Development in {E}ngland up to {C}otes},
	AUTHOR = {Joseph Ehrenfried Hofmann},
	JOURNAL = {National Mathematics Magazine},
	VOLUME = {14},
	NUMBER = {1},
	YEAR = {1939},
	PAGES = {37--45},
}

@book{E212,
	AUTHOR = {Euler, Leonhard},
	TITLE = {Institutiones calculi differentialis, vol. {I}},
	ADDRESS = {St. Petersburg},
	PUBLISHER = {Academia Scientiarum Imperialis Petropolitanae},
	YEAR = {1755},
	NOTE = {E212, Opera omnia I.10},
}

@book{harkness,
	AUTHOR = {Harkness, James and Morley, Frank},
	TITLE = {A treatise on the theory of functions},
	PUBLISHER = {Macmillan},
	ADDRESS = {London},
	YEAR = {1893},
}

@incollection{cayley,
	AUTHOR = {Cayley, Arthur},
	TITLE = {Series},
	PAGES = {677--682},
	BOOKTITLE = {Encyclop{\ae}dia Britannica, vol. {XXI}},
	EDITION = {ninth},
	PUBLISHER = {Charles Scribner's Sons},
	ADDRESS = {New York},
	YEAR = {1886},
	NOTE = {Collected Mathematical Papers, vol. {XI}, pp.~617--627},
}

@book{chrystal,
	AUTHOR = {Chrystal, George},
	TITLE = {Algebra: An Elementary Text-Book for the Higher Classes of Secondary Schools and for Colleges, part {II}},
	YEAR = {1889},
	PUBLISHER = {Adam and Charles Black},
	ADDRESS = {Edinburgh},
}

@book{jordan,
	AUTHOR = {Jordan, M. C.},
	TITLE = {Cours d'analyse de l'{\'E}cole {P}olytechnique, tome
premier},
	EDITION = {second},
	YEAR = {1893},
	PUBLISHER = {Gauthier-Villars et fils},
	ADDRESS = {Paris},
}

@incollection{elstrodt,
	AUTHOR = {Elstrodt, J\"urgen},
	TITLE = {The Life and Work of {G}ustav {L}ejeune {D}irichlet (1805--1859)},
	EDITOR = {Duke, William and Tschinkel, Yuri},
	BOOKTITLE = {Analytic Number Theory: A Tribute to Gauss and Dirichlet},
	PAGES = {1--38},
	PUBLISHER = {American Mathematical Society},
	ADDRESS = {Providence, RI},
	YEAR = {2005},
	SERIES = {Clay Mathematics Proceedings},
	VOLUME = {7},
}

@book{goursat,
	AUTHOR = {Goursat, \'Edouard},
	TITLE = {A course in mathematical analysis, vol. {I}},
	NOTE = {Translated from the French by Earle Raymond Hedrick},
	PUBLISHER = {Ginn and Company},
	YEAR = {1904},
	ADDRESS = {Boston},
}

@book{landau,
	AUTHOR = {Landau, Edmund},
	TITLE = {Differential and Integral Calculus},
	PUBLISHER = {Chelsea Publishing Company},
	YEAR = {1951},
	ADDRESS = {New York},
	NOTE = {Translated from the German by Melvin Hausner and Martin Davis},
}

@book{lutzen,
        AUTHOR = {L\"utzen, Jesper},
        TITLE = {{Joseph Liouville 1809--1882: master of pure and applied mathematics}},
        SERIES = {Studies in the History of Mathematics and Physical Sciences},
        VOLUME = {15},
        PUBLISHER = {Springer},
        YEAR = {1990},
}`

@incollection{mascre,
	AUTHOR = {Mascr\'e, David},
	TITLE = {1867 {B}ernhard {R}iemann, posthumous thesis on the representation of functions by trigonometric series},
	PAGES = {491--505},
	BOOKTITLE = {Landmark Writings in Western Mathematics 1640--1940},
	EDITOR = {Grattan-Guinness, Ivor},
	PUBLISHER = {Elsevier},
	YEAR = {2005},
}

@book{dedekind,
        AUTHOR = {Dirichlet, P. G. L.},
        TITLE = {Lectures on Number Theory},
        NOTE = {Supplements by R. Dedekind, translated from the German by John Stilwell},
        SERIES = {History of Mathematics},
        VOLUME = {16},
        PUBLISHER = {American Mathematical Society},
        ADDRESS = {Providence, RI},
        YEAR = {1999},
}

@article{dirichlet,
	AUTHOR = {Dirichlet, Gustav Lejeune},
	JOURNAL = {Abhandlungen der K\"oniglichen Akademie der Wissenschaften zu
Berlin},
	YEAR = {1837},
	NOTE = {Werke, vol. I, pp.~313--342},
	TITLE = {{Beweis des Satzes, dass jede unbegrenzte
arithmetische Progression, deren erstes Glied und Differenz
ganze Zahlen ohne gemeinschaftlichen Factor sind,
unendlich viele Primzahlen enth\"alt}},
	PAGES = {45--81},
}

@article {MR2640720,
    AUTHOR = {S{\o}rensen, Henrik Kragh},
     TITLE = {Throwing some light on the vast darkness that is analysis:
              {N}iels {H}enrik {A}bel's critical revision and the concept of
              absolute convergence},
   JOURNAL = {Centaurus},
  FJOURNAL = {Centaurus. An International Journal of the History of Science
              and its Cultural Aspects},
    VOLUME = {52},
      YEAR = {2010},
    NUMBER = {1},
     PAGES = {38--72},
}

@incollection{jahnke,
        AUTHOR = {Jahnke, Hans Niels},
        EDITOR = {Jahnke, Hans Niels},
        BOOKTITLE = {A History of Analysis},
	TITLE = {Algebraic analysis in the 18th century},
        PAGES = {105--136},
        YEAR = {2003},
        SERIES = {History of Mathematics},
        VOLUME = {24},
        PUBLISHER = {American Mathematical Society},
        ADDRESS = {Providence, RI},
}

@incollection{epple,
        AUTHOR = {Epple, Moritz},
        EDITOR = {Jahnke, Hans Niels},
        BOOKTITLE = {A History of Analysis},
        TITLE = {The end of the science of quantity: foundations of analysis,
1860--1910},
        PAGES = {291--324},
        YEAR = {2003},
        SERIES = {History of Mathematics},
        VOLUME = {24},
        PUBLISHER = {American Mathematical Society},
        ADDRESS = {Providence, RI},
}

@article{spence,
	AUTHOR = {Spence, Lawrence E.},
	TITLE = {How many elements are in a union of sets?},
	JOURNAL = {The Mathematics Teacher},
	VOLUME = {80},
	NUMBER = {8},
	YEAR = {1987},
	PAGES = {666--670, 681},
}

@article{mcshane,
	AUTHOR = {McShane, E. J.},
	TITLE = {Partial Orderings and {M}oore-{S}mith Limits},
	JOURNAL = {Amer. Math. Monthly},
	VOLUME = {59},
	NUMBER = {1},
	YEAR = {1952},
	PAGES = {1--11},
}

@book {MR1996414,
    AUTHOR = {Tweddle, Ian},
     TITLE = {James {S}tirling's {\it {M}ethodus differentialis}: An annotated translation of {S}tirling's text},
    SERIES = {Sources and Studies in the History of Mathematics and Physical
              Sciences},
 PUBLISHER = {Springer},
      YEAR = {2003},
}

@article{tweddle,
	AUTHOR = {Tweddle, Ian},
	TITLE = {James {S}tirling's early Work on Acceleration of Convergence},
	JOURNAL = {Arch. Hist. Exact Sci.},
	VOLUME = {45},
	NUMBER = {2},
	YEAR = {1992},
	PAGES = {105--125},
}

@article{youschkevitch,
	AUTHOR = {Youschkevitch, A. P.},
	TITLE = {The concept of function up to the middle of the 19th century},
	JOURNAL = {Arch. Hist. Exact Sci.},
	VOLUME = {16},
	NUMBER = {1},
	PAGES = {37--85},
	YEAR = {1976},
}

@article{cunha,
	TITLE = {Anast\'acio da {C}unha and the concept of convergent series},
	AUTHOR = {de Oliveira, A. J. Franco},
        JOURNAL = {Arch. Hist. Exact Sci.},
	VOLUME = {39},
	NUMBER = {1},
	PAGES = {1--12},
	YEAR = {1988},
}

@article{leibniz,
	TITLE = {True and Fictitious Quantities in {L}eibniz's Theory of Series},
	AUTHOR = {Ferraro, Giovanni},
	JOURNAL = {Studia Leibnitiana},
	VOLUME = {32},
	NUMBER = {1},
	YEAR = {2000},
	PAGES = {43--67},
}

@article{riemann,
	AUTHOR = {Riemann, Bernhard},
	TITLE = {{Ueber die Darstellbarkeit einer Function durch eine 
trigonometrische Reihe}},
	JOURNAL = {Abhandlungen der K\"oniglichen Gesellschaft
der Wissenschaften zu G\"ottingen},
	VOLUME = {13},
	YEAR = {1866/1867},
	PAGES = {87--132},
	NOTE = {Gesammelte mathematische Werke, second ed.,
vol. II, 227--271},
}

@book{rudin,
	AUTHOR = {Rudin, Walter},
	TITLE = {Principles of mathematical analysis},
	EDITION = {third},
	PUBLISHER = {McGraw-Hill},
	SERIES = {International Series in Pure and Applied Mathematics},
	YEAR = {1976},
}

@article {MR2807930,
    AUTHOR = {Eckhardt, Ulrich},
     TITLE = {Gittersummen der {F}estk\"orperphysik. {W}ie sinnvoll ist die
              {S}prache des {U}nendlichen f\"ur die {D}inge des
              allt\"aglichen {L}ebens?},
   JOURNAL = {Mitt. Math. Ges. Hamburg},
  FJOURNAL = {Mitteilungen der Mathematischen Gesellschaft in Hamburg},
    VOLUME = {29},
      YEAR = {2010},
     PAGES = {71--96},
}

@book{roytvarf,
	AUTHOR = {Alexander A. Roytvarf},
	TITLE = {Thinking in Problems: How Mathematicians Find Creative Solutions},
	PUBLISHER = {Birkh\"auser},
	YEAR = {2013},
}

@book{kadets,
	AUTHOR = {Kadets, Mikhail I. and Kadets, Vladimir M.},
	TITLE = {Series in {B}anach Spaces: Conditional and Unconditional Convergence},
	PUBLISHER = {Birkh\"auser},
	SERIES = {Operator Theory: Advances and Applications},
	VOLUME = {94},
	YEAR = {1997},
	NOTE = {Translated from the Russian by Andrei Iacob},
}

@book{diestel,
	AUTHOR = {Diestel, Joe and Jarchow, Hans and Tonge, Andrew},
	TITLE = {Absolutely summing operators},
	PUBLISHER = {Cambridge University Press},
	SERIES = {Cambridge Studies in Advanced Mathematics},
	VOLUME = {43},
	YEAR = {1995},
}

@book{dieudonne,
	AUTHOR = {Dieudonn\'e, Jean},
	TITLE = {Foundations of Modern Analysis},
	YEAR = {1969},
	PUBLISHER = {Academic Press},
	SERIES = {Pure and Applied Mathematics},
}

@book{schaefer,
	AUTHOR = {Schaefer, H. H.},
	TITLE = {Topological Vector Spaces},
	EDITION = {second},
	PUBLISHER = {Springer},
	YEAR = {1999},
	SERIES = {Graduate Texts in Mathematics},
	VOLUME = {3},
	NOTE = {With the assistance of M. P. Wolff},	
}

@article{manning,
	AUTHOR = {Manning, Kenneth R.},
	TITLE = {The Emergence of the {W}eierstrassian Approach to Complex Analysis},
	JOURNAL = {Arch. Hist. Exact Sci.},
	VOLUME = {14},
	NUMBER = {4},
	YEAR = {1975},
	PAGES = {297--383},
}

@article{baker,
	AUTHOR = {Baker, Alan},
	TITLE = {Putting Expectations in Order},
	JOURNAL = {Philosophy of Science},
	VOLUME = {74},
	NUMBER = {5},
	YEAR = {2007},
	PAGES = {692--700},
}

@book{kelley,
	AUTHOR = {Kelley, John L.},
	TITLE = {General Topology},
	PUBLISHER = {D. Van Nostrand Company},
	YEAR = {1955},
	SERIES = {University Series in Higher Mathematics},
}	

@article{nathan,
	AUTHOR = {Nathan, Amos},
	TITLE = {False expectations},
	JOURNAL = {Philosophy of Science},
	VOLUME = {51},
	NUMBER = {1},
	YEAR = {1984},
	PAGES = {128--136},
}

@book{bottazini,
	TITLE = {The Higher Calculus: A History of Real and Complex Analysis from {E}uler to {W}eierstrass},
	AUTHOR = {Bottazini, Umberto},
	PUBLISHER = {Springer},
	YEAR = {1986},
	NOTE = {Translated from the Italian by Warren Van Egmond},
}

@book{weil,
        AUTHOR = {Weil, Andr\'e},
        TITLE = {{Elliptic functions according to Eisenstein and Kronecker}},
        PUBLISHER = {Springer},
        YEAR = {1976},
        SERIES = {Ergebnisse der Mathematik und ihrer Grenzgebiete},
        VOLUME = {88},
}

@book{belhoste,
	TITLE = {Augustin-{L}ouis {C}auchy: A Biography},
	AUTHOR = {Belhoste, Bruno},
	PUBLISHER = {Springer},
	YEAR = {1991},
	NOTE = {Translated from the French by Frank Ragland},
}

@article {MR863341,
    AUTHOR = {Smithies, F.},
     TITLE = {Cauchy's conception of rigour in analysis},
   JOURNAL = {Arch. Hist. Exact Sci.},
    VOLUME = {36},
      YEAR = {1986},
    NUMBER = {1},
     PAGES = {41--61},
}

@article {dugac,
	AUTHOR = {Dugac, Pierre},
	TITLE = {\'{E}l\'ements d'analyse de {K}arl {W}eierstrass},
	JOURNAL = {Arch. History Exact Sci.},
	VOLUME = {10},
	NUMBER = {1/2},
	YEAR = {1973},
	PAGES = {41--176},
}

@book {MR0497690,
    AUTHOR = {Grattan-Guinness, Ivor},
     TITLE = {The development of the foundations of mathematical analysis
              from {E}uler to {R}iemann},
 PUBLISHER = {MIT Press},
      YEAR = {1970},
}

@article{whiteside,
	AUTHOR = {Whiteside, Derek Thomas},
	TITLE = {Patterns of Mathematical Thought in the later Seventeenth Century},
	JOURNAL = {Arch. Hist. Exact Sci.},
	VOLUME = {1},
	NUMBER = {3},
	YEAR = {1961},
	PAGES = {179--388},
}

@article{schaefer1986,
	AUTHOR = {Schaefer, Paul},
	TITLE = {Sums of rearranged series},
	JOURNAL = {College Math. J.},
	VOLUME = {17},
	NUMBER = {1},
	YEAR = {1986},
	PAGES = {66--70},
}

@incollection {MR1263061,
    AUTHOR = {Grattan-Guinness, Ivor},
     TITLE = {Thus it mysteriously appears: impressions of {L}aplace's use
              of series},
 BOOKTITLE = {Rechnen mit dem {U}nendlichen:
{B}eitr\"age zur {E}ntwicklung eines kontroversen {G}egenstandes},
	EDITOR = {Detlef D. Spalt},
     PAGES = {95--102},
 PUBLISHER = {Birkh\"auser},
      YEAR = {1990},
}

@article{nover,
	AUTHOR = {Nover, Harris and H\'ajek, Alan},
	TITLE = {Vexing Expectations},
	JOURNAL = {Mind},
	NUMBER = {450},
	PAGES = {237--249},
	YEAR = {2004},
	VOLUME = {113},	
}

@article{colyvan,
	AUTHOR = {Colyvan, Mark},
	TITLE = {No Expectations},
	JOURNAL = {Mind},
	VOLUME = {115},
	NUMBER = {459},
	YEAR = {2006},
	PAGES = {695--702},
}

@book{cours,
	AUTHOR = {Bradley, Robert E. and Sandifer, C. Edward},
	TITLE = {Cauchy's {C}ours d'analyse: an annotated translation},
	SERIES = {Sources and Studies in the History of Mathematical
and Physical Sciences},
	PUBLISHER = {Springer},
	YEAR = {2009},
}

@book{polyaI,
        AUTHOR = {P\'olya, George and Szeg{\H o}, G\'abor},
        TITLE = {Problems and theorems in analysis, volume {I}},
        PUBLISHER = {Springer},
        YEAR = {1972},
        NOTE = {Translated from the German by D. Aeppli},
        SERIES = {Die Grundlehren der mathematischen Wissenschaften},
        VOLUME = {193},
}

@book{lakatos,
	AUTHOR = {Lakatos, Imre},
	TITLE = {Proofs and refutations},
	PUBLISHER = {Cambridge University Press},
	YEAR = {1976},
}

@article {MR2026311,
    AUTHOR = {Krantz, Steven G. and McNeal, Jeffery D.},
     TITLE = {Creating more convergent series},
   JOURNAL = {Amer. Math. Monthly},
  FJOURNAL = {American Mathematical Monthly},
    VOLUME = {111},
      YEAR = {2004},
    NUMBER = {1},
     PAGES = {32--38},
}

@book{bromwich,
	AUTHOR = {Bromwich, T. J. I'A.},
	TITLE = {An introduction to the theory of infinite series},
	PUBLISHER = {Macmillan and Co.},
	EDITION = {second},
	ADDRESS = {London},
	YEAR = {1931},
}

@incollection{gg,
        AUTHOR = {Grattan-Guinness, Ivor},
	TITLE = {The emergence of mathematical analysis and its foundational
progress, 1780--1880},
	PAGES = {94--148},
        EDITOR = {Grattan-Guinness, Ivor},	
	BOOKTITLE = {From the Calculus to Set Theory, 1630--1910},
	PUBLISHER = {Princeton University Press},
	YEAR = {1980},
}

@article{bolzano,
	AUTHOR = {Grattan-Guinness, Ivor},
	TITLE = {{B}olzano, {C}auchy and the ``New Analysis'' of the Early Nineteenth Century},
	JOURNAL = {Arch. Hist. Exact Sci.},
	VOLUME = {6},
	NUMBER = {5},
	YEAR = {1970},
	PAGES = {372--400},
}

@article{laugwitz1989,
	AUTHOR = {Laugwitz, Detlef},
	TITLE = {Definite Values of Infinite Sums: Aspects of the Foundations of Infinitesimal Analysis around 1820},
	JOURNAL = {Arch. Hist. Exact Sci.},
	VOLUME = {39},
	NUMBER = {3},
	YEAR = {1989},
	PAGES = {195--245},
}

@article{tucciarone,
	TITLE = {The Development of the Theory of Summable Divergent Series from 1880 to 1925},
	AUTHOR = {John Tucciarone},
	JOURNAL = {Arch. Hist. Exact Sci.},
	VOLUME = {10},
	NUMBER = {1/2},
	PAGES = {1--40},
	YEAR = {1973},
}

@article{fraser,
	AUTHOR = {Fraser, Craig G.},
	TITLE = {The calculus as algebraic analysis: some observations
on mathematical analysis in the 18th century},
	JOURNAL = {Arch. Hist. Exact Sci.},
	VOLUME = {39},
	NUMBER = {4},
	PAGES = {317--335},
	YEAR = {1989},
}

@article {MR602844,
    AUTHOR = {Cowen, C. C. and Davidson, K. R. and Kaufman, R. P.},
     TITLE = {Rearranging the alternating harmonic series},
   JOURNAL = {Amer. Math. Monthly},
    VOLUME = {87},
      YEAR = {1980},
    NUMBER = {10},
     PAGES = {817--819},
}

@article {MR883287,
    AUTHOR = {Rosenthal, Peter},
     TITLE = {The remarkable theorem of {L}\'evy and {S}teinitz},
   JOURNAL = {Amer. Math. Monthly},
    VOLUME = {94},
      YEAR = {1987},
    NUMBER = {4},
     PAGES = {342--351},
}

@article {MR2663251,
    AUTHOR = {Freniche, Francisco J.},
     TITLE = {On {R}iemann's rearrangement theorem for the alternating
              harmonic series},
   JOURNAL = {Amer. Math. Monthly},
    VOLUME = {117},
      YEAR = {2010},
    NUMBER = {5},
     PAGES = {442--448},
}

@incollection {laugwitz2000,
	AUTHOR = {Laugwitz, Detlef},
	TITLE = {Controversies about numbers and functions},
	BOOKTITLE = {The Growth of Mathematical Knowledge},
	SERIES = {Sythese Library},    
	VOLUME = {289},
	EDITOR = {Emily Grosholz and Herbert Breger},
	PAGES = {177--198},
	PUBLISHER = {Kluwer},
	YEAR = {2000},
}

@book{laugwitz2008,
	AUTHOR = {Laugwitz, Detlef},
	TITLE = {Bernhard {R}iemann 1826--1866: Turning Points in the Conception of Mathematics},
	NOTE = {Translated from the German by Abe Shenitzer},
	PUBLISHER = {Birkh\"auser},
	YEAR = {2008},
}

@book{remmert,
	AUTHOR = {Remmert, Reinhold},
	TITLE = {Theory of Complex Functions},
	SERIES = {Graduate Texts in Mathematics},
	VOLUME = {122},
	NOTE = {Translated from the German by Robert B. Burckel},
	PUBLISHER = {Springer},
	YEAR = {1991},
}

@book{boyer,
	AUTHOR = {Boyer, Carl B.},
	TITLE = {The History of the Calculus and Its Conceptual Development},
	PUBLISHER = {Dover Publications},
	ADDRESS = {New York},
	YEAR = {1959},
}
