@incollection{bertocchi,
	EDITOR = {Baldi, Philip and Cuzzolin, Pierluigi},
	BOOKTITLE = {New Perspectives on Historical Latin Syntax. Volume 3: Constituent Syntax: Quantification, Numerals, Possession, Anaphora},
	PUBLISHER = {De Gruyter Mouton},
	SERIES = {Trends in Linguistics. Studies and Monographs},
	VOLUME = {180.3},
	YEAR = {2010},
	AUTHOR = {Bertocchi, Alessandra and Maraldi, Mirka and Orlandini, Anna},
	TITLE = {Quantification},
	PAGES = {19--173},
}

@incollection{hippias,
	AUTHOR = {Waterfield, Robin},
	TITLE = {{Hippias Major and Hippias Minor}},
	EDITOR = {Saunders, Trevor J.},
	PAGES = {211--293},
	BOOKTITLE = {{Plato, Early Socratic Dialogues}},
	PUBLISHER = {Penguin Books},
	SERIES = {Penguin Classics},
	YEAR = {2005},
}

@incollection{haspelmath,
	AUTHOR = {Haspelmath, Martin},
	TITLE = {Diachronic source of `all' and `every'},
	PAGES = {363--382},
	EDITOR = {Bach, Emmon and Jelinek, Eloise and Kratzer, Angelika and Partee, Barbara H.},
	BOOKTITLE = {Quantification in Natural Languages},
	PUBLISHER = {Springer},
	YEAR = {1995},
	SERIES = {Studies in Linguistics and Philosophy},
	VOLUME = {54},
}

@book{pinkster,
	AUTHOR = {Pinkster, Harm},
	TITLE = {{The Oxford Latin Syntax, Volume I: The Simple Clause}},
	PUBLISHER = {Oxford University Press},
	YEAR = {2015},
}

@article{martzloff,
	AUTHOR = {Martzloff, Vincent},
	TITLE = {Some remarks on the prehistory of {\em omnis} and other {L}atin pronouns and adjectives meaning `all' or `whole'},
	JOURNAL = {Journal of Latin Linguistics},
	VOLUME = {13},
	NUMBER = {2},
	PAGES = {211--241},
	YEAR = {2014},
}

@book{spevak,
	AUTHOR = {Spevak, Olga},
	TITLE = {The Noun Phrase in Classical {L}atin Prose},
	SERIES = {Amsterdam Studies in Classical Philology},
	VOLUME = {21},
	PUBLISHER = {Brill},
	YEAR = {2014},
}

@incollection{tekhne,
	AUTHOR = {Kemp, Alan},
	TITLE = {The {{\em Tekhn\={e} Grammatik\={e}} of Dionysius Thrax: English} Translation
with Introduction and Notes},
	PAGES = {169--190},
	EDITOR = {Taylor, Daniel J.},
	BOOKTITLE = {The History of Linguistics in the Classical Period},
	YEAR = {1987},
	PUBLISHER = {John Benjamins Publishing Company},
	SERIES = {Studies in the History of the Language Sciences},
	VOLUME = {46},
}

@book{galen20,
	AUTHOR = {K\"uhn, Karl Gottlob},
	TITLE = {{Claudii Galeni Opera Omnia, tom. XX}},
	PUBLISHER = {Car. Cnobloch},
	YEAR = {1833},
	ADDRESS = {Lipsiae},
}

@book{doctrinale,
	EDITOR = {Reichling, Dietrich},
	TITLE = {{Das Doctrinale des Alexander de Villa-Dei. Kritisch-exegetische Ausgabe}},
	SERIES = {Monumenta Germaniae Paedagogica},
	VOLUME = {12},
	PUBLISHER = {A. Hofmann \& Comp.},
	ADDRESS = {Berlin},
	YEAR = {1893},
}

@book{modernorum1,
	AUTHOR = {Rijk, L. M. de},
	TITLE = {Logica modernorum: A contribution to the history of early terminist logic. {Vol. I}: On the twelfth century theories of fallacy},
	PUBLISHER = {Van Gorcum},
	ADDRESS = {Assen},
	YEAR = {1962},
	SERIES = {Wijsgerige teksten en studies},
	VOLUME = {6},
}

@book{modernorum22,
	AUTHOR = {Rijk, L. M. de},
	TITLE = {Logica modernorum: A contribution to the history of early terminist logic. {Vol. II}, part two: The origin and early development of the theory of supposition},
	PUBLISHER = {Van Gorcum},
	ADDRESS = {Assen},
	YEAR = {1967},
	SERIES = {Wijsgerige teksten en studies},
	VOLUME = {16},
}

@book{LS1,
	AUTHOR = {Long, A. A. and Sedley, D. N.},
	TITLE = {The {H}ellenistic Philosophers. {V}olume 1: Translations of the principal sources, with philosophical commentary},
	PUBLISHER = {Cambridge University Press},
	YEAR = {1987},
}

@book{ebbesen1,
	AUTHOR = {Ebbesen, Sten},
	TITLE = {{Commentators and Commentaries on Aristotle's Sophistici Elenchi: A Study of Post-Aristotelian Ancient and Medieval Writings on Fallacies. Volume 1: The Greek Tradition}},
	SERIES = {Corpus Latinum Commentariorum in Aristotelem Graecorum},
	VOLUME = {VII,1},
	PUBLISHER = {E. J. Brill},
	ADDRESS = {Leiden},
	YEAR = {1981},
}

@book{progymnasmata,
	TITLE = {{Progymnasmata: Greek Textbooks of Prose Composition and Rhetoric}},
	AUTHOR = {Kennedy, George A.},
	PUBLISHER = {Society of Biblical Literature},
	ADDRESS = {Atlanta},
	YEAR = {2003},
	SERIES = {Writings from the Greco-Roman World},
	NUMBER = {10},
}

@book{captionibus,
	AUTHOR = {Edlow, Robert Blair},
	TITLE = {Galen on Language and Ambiguity. An English Translation
Galen's `De Captionibus (On Fallacies)' with Introduction, Text, and Commentary},
	PUBLISHER = {E. J. Brill},
	ADDRESS = {Leiden},
	YEAR = {1977},
	SERIES = {Philosophia antiqua},
	VOLUME = {31},
}

@article{dissoilogoi,
	TITLE = {{Dissoi Logoi or Dialexeis}},
	AUTHOR = {Sprague, Rosamond Kent},
	PAGES = {155--167},
	JOURNAL = {Mind, New Series},
	VOLUME = {77},
	NUMBER = {306},
	YEAR = {1968},
}

@book{GLKI,
	EDITOR = {Keil, Heinrich},
	TITLE = {{Grammatici latini, vol. I}},
	YEAR = {1857},
	PUBLISHER = {B. G. Teubner},
	ADDRESS = {Lipsiae},
}

@book{alcinous,
	AUTHOR = {Dillon, John},
	TITLE = {{Alcinous, {\em The Handbook of Platonism}}},
	SERIES = {Clarendon Later Ancient Philosophers},
	PUBLISHER = {Clarendon Press},
	ADDRESS = {Oxford},
	YEAR = {1996},
}

@book{atherton,
	AUTHOR = {Atherton, Catherine},
	TITLE = {The {S}toics on Ambiguity},
	SERIES = {Cambridge Classical Studies},
	PUBLISHER = {Cambridge University Press},
	YEAR = {1993},
}

@book{isidore,
	AUTHOR = {Barney, Stephen A. and Lewis, W. J. and Beach, J. A. and Berghof, Oliver}, 
	TITLE = {{The {\em Etymologies} of Isidore of Seville}},
	PUBLISHER = {Cambridge University Press},
	YEAR = {2006},
}

@book{augustine,
	TITLE = {{Augustine, De dialectica}},
	AUTHOR = {Jackson, B. Darrell},
	SERIES = {Synthese Historical Library},
	VOLUME = {16},
	PUBLISHER = {D. Reidel Publishing Company},
	YEAR = {1975},
}

@book{serviusII,
	TITLE = {{Servii Grammatici qui feruntur in Vergilii carmina commentarii. Vol. II: Aeneidos librorum VI--XII commentarii}},
	EDITOR = {Thilo, Georg},
	PUBLISHER = {B. G. Teubner},
	ADDRESS = {Lipsiae},
	YEAR = {1884},
}

@book{theaetetus,
	AUTHOR = {Cornford, Francis Macdonald},
	PUBLISHER = {Dover Publications},
	YEAR = {2003},
	TITLE = {Plato's Theory of Knowledge: The {{\em Theaetetus}} and the {{\em Sophist}} translated, with commentary},
}

@incollection{pickard-cambridge,
	AUTHOR = {Pickard-Cambridge, W. A.},
	TITLE = {De Sophisticis Elenchis},
	BOOKTITLE = {The Works of Aristotle, volume I},
	EDITOR = {Ross, W. D.},
	PUBLISHER = {Clarendon Press},
	ADDRESS = {Oxford},
	YEAR = {1928},
}

@book{syncategoreumata,
	TITLE = {{Peter of Spain, {\em Syncategoreumata}}},
	AUTHOR = {Rijk, L. M. de and Spruyt, Joke},
	YEAR = {1992},
	PUBLISHER = {Brill},
}

@book{law,
	AUTHOR = {Law, Vivien},
	TITLE = {The History of Linguistics in {E}urope: From {P}lato to 1600},
	SERIES = {Cambridge Textbooks in Linguistics},
	PUBLISHER = {Cambridge University Press},
	YEAR = {2003},
}

@book{macrobius,
	AUTHOR = {Stahl, William Harris},
	PUBLISHER = {Columbia University Press},
	YEAR = {1952},
	TITLE = {{Macrobius: {\em Commentary on the Dream of Scipio}}},
	SERIES = {Records of Civilization, Sources and Studies},
	VOLUME = {48},
}

@book{ammoniusint18,
	AUTHOR = {Blank, David L.},
	TITLE = {{Ammonius: On Aristotle On Interpretation 1--8}},
	SERIES = {Ancient Commentators on Aristotle},
	YEAR = {1996},
	PUBLISHER = {Bloomsbury}
}

@book{matthew,
	AUTHOR = {Spruyt, Joke},
	TITLE = {{Matthew of Orl\'eans, {\em Sophistaria}}},
	PUBLISHER = {Brill},
	YEAR = {2001},
}

@book{alexander11to17,
	TITLE = {{Alexander of Aphrodisias: On Aristotle Prior Analytics 1.1--7}},
	AUTHOR = {Barnes, Jonathan and Bobzien, Susanne and Flannery, Kevin and Ierodiakonou,
	Katerina},
	SERIES = {Ancient Commentators on Aristotle},
	YEAR = {2014},
	PUBLISHER = {Bloomsbury},
}

@book{faversham,
	EDITOR = {Ebbesen, Sten and Izbicki, Thomas and Longeway, John and Del Punta, Francesco and Serene, Eileen
	and Stump, Eleonore},
	TITLE = {{Simon of Faversham, Quaestiones super libro elenchorum}},
	PUBLISHER = {Pontifical Institute of Mediaeval Studies},
	ADDRESS = {Toronto},
	SERIES = {Studies and Texts},
	VOLUME = {60},
	YEAR = {1984},
}

@book{dialectica,
	AUTHOR = {de Rijk, L. M.},
	TITLE = {{Petrus Abaelardus, Dialectica}},
	PUBLISHER = {Van Gorcum},
	ADDRESS = {Assen},
	YEAR = {1956},
}

@book{fivetexts,
	TITLE = {Five Texts on the Mediaeval Problem of Universals: {Porphyry, Boethius, Abelard, Duns Scotus, Ockham}},
	AUTHOR = {Spade, Paul Vincent},
	PUBLISHER = {Hackett Publishing Company},
	YEAR = {1994},
}

@book{magee,
	AUTHOR = {Magee, John},
	TITLE = {{Anicii Manlii Severini Boethii {\em De divisione liber}}},
	YEAR = {1998},
	PUBLISHER = {Brill},
	SERIES = {Philosophia antiqua},
	VOLUME = {77},
}

@book{comp,
	AUTHOR = {Rhys Roberts, W.},
	TITLE = {{Dionysius of Halicarnassus, On Literary Composition}},
	PUBLISHER = {Macmillian},
	ADDRESS = {London},
	YEAR = {1910},	
}

@incollection{euthydemus,
	AUTHOR = {Waterfield, Robin},
	TITLE = {Euthydemus},
	EDITOR = {Saunders, Trevor J.},
	PAGES = {295--375},
	BOOKTITLE = {{Plato, Early Socratic Dialogues}},
	PUBLISHER = {Penguin Books},
	SERIES = {Penguin Classics},
	YEAR = {2005},
}

@book{blank,
	AUTHOR = {Blank, David L.},
	TITLE = {{Ancient Philosophy and Grammar: The {\em Syntax} of Apollonius Dyscolus}},
	PUBLISHER = {Scholars Press},
	YEAR = {1982},
}

@book{householder,
	AUTHOR = {Householder, Fred W.},
	TITLE = {{The {\em Syntax} of Apollonius Dyscolus}},
	PUBLISHER = {John Benjamins Publishing Company},
	SERIES = {Studies in the History of the Language Sciences},
	VOLUME = {23},
	YEAR = {1981},
}

@book{pinzani,
	AUTHOR = {Pinzani, Roberto},
	TITLE = {{The Logical Grammar of Abelard}},
	SERIES = {The New Synthese Historical Library},
	VOLUME = {51},
	PUBLISHER = {Kluwer Academic Publishers},
	YEAR = {2010},
}

@book{covington,
	AUTHOR = {Covington, Michael A.},
	TITLE = {{Syntactic theory in the High Middle Ages. Modistic models of sentence structure}},
	PUBLISHER = {Cambridge University Press},
	SERIES = {Cambridge Studies in Linguistics},
	VOLUME = {39},
	YEAR = {1984},
}

@article{fredborg,
	AUTHOR = {Fredborg, K. M. and Green-Pedersen, N. J. and Nielsen, L. O. and Pinborg, Jan},
	TITLE = {{The Commentary on ``Priscian Maior'' ascribed to Robert Kilwardby}},
	JOURNAL = {Cahiers de l'Institut du Moyen-\^{A}ge grec et latin},
	VOLUME = {15},
	PAGES = {1--146},
	YEAR = {1975},
}

@book{MST47,
	AUTHOR = {Maloney, Thomas S.},
	TITLE = {{Roger Bacon, {\em The Art and Science of Logic}. A translation of the {\em Summulae dialectices} with notes and introduction}},
	YEAR = {2009},
	SERIES = {Mediaeval Sources in Translation},
	VOLUME = {54},
	PUBLISHER = {Pontifical Institute of Mediaeval Studies},
	ADDRESS = {Toronto},
}

@book{MST54,
	AUTHOR = {Maloney, Thomas S.},
	TITLE = {{Roger Bacon, {\em On Signs}. Translated with an introduction and notes}},
	YEAR = {2013},
	SERIES = {Mediaeval Sources in Translation},
	VOLUME = {54},
	PUBLISHER = {Pontifical Institute of Mediaeval Studies},
	ADDRESS = {Toronto},
}

@book{kilvington,
	TITLE = {{The Sophismata of Richard Kilvington: introduction, translation, and commentary}},
	AUTHOR = {Norman Kretzmann and Barbara Ensign Kretzmann},
	PUBLISHER = {1990},
	YEAR = {Cambridge University Press},
}

@book{LCL126,
	AUTHOR = {Russell, Donald A.},
	TITLE = {{Quintilian. The Orator's Education, Volume III: Books 6--8}},
	PUBLISHER = {Harvard University Press},
	SERIES = {Loeb Classical Library},
	NUMBER = {126},
	YEAR = {2002},
}

@book{LCL403,
	AUTHOR = {Caplan, Henry},
	TITLE = {{[Cicero], Rhetorica ad Herennium}},
	PUBLISHER = {Harvard University Press},
	SERIES = {Loeb Classical Library},
	NUMBER = {403},
	YEAR = {1954},
}

@book{ALI1to5,
	EDITOR = {Minio-Paluello, L.},
	PUBLISHER = {Descl\'ee de Brouwer},
	TITLE = {{Aristoteles Latinus I 1--5. Categoriae vel Praedicamenta. Translatio Boethii -- Editio Composite. Translatio Guillelmi de Moerbeka. Lemmata e Simplicii commentario decerpta. Pseudo-Augustini Paraphrasis Themistiana}},
	YEAR = {1961},
}

@book{ALI6to7,
	TITLE = {{Categoriarum supplementa. Porphyrii Isagoge, Translatio Boethii, et Anonymi Fragmentum vulgo vocatum ``Liber sex principiorum''}},
	EDITOR = {Minio-Paluello, L.},
	PUBLISHER = {Descl\'ee de Brouwer},
	YEAR = {1966},
	SERIES = {Aristoteles Latinus},
}

@book{ALVI1to3,
	EDITOR = {Dod, Bernard G.},
	TITLE = {{Aristoteles Latinus VI 1--3. De sophisticis elenchis. Translatio Boethii, fragmenta translationis Iacobi et recensio Guillelmi de Moerbeke}},
	PUBLISHER =  {E. J. Brill and Descl\'ee de Brouwer},
	YEAR = {1975},
}

@book{diogenes,
	AUTHOR = {Hard, Robin},
	TITLE = {{Diogenes the Cynic, Sayings and Anecdotes, with other popular moralists}},
	SERIES = {Oxford World's Classics},
	YEAR = {2012},
	PUBLISHER = {Oxford University Press},
}

@book{capellaII,
	AUTHOR = {Stahl, William Harris and Johnson, Richard and Burge, E. L.},
	PUBLISHER = {Columbia University Press},
	YEAR = {1977},
	TITLE = {{Martianus Capella and the Seven Liberal Arts, volume II. The Marriage of Philology and Mercury}},
	SERIES = {Records of Civilization: Sources and Studies},
	NUMBER = {84},
}

@incollection{metaphysica,
	TITLE = {Metaphysica},
	BOOKTITLE = {The Works of Aristotle, volume VIII},
	EDITION = {second},
	EDITOR = {Ross, W. D.},
	AUTHOR = {Ross, W. D.},
	PUBLISHER = {Clarendon Press},
	ADDRESS = {Oxford},
	YEAR = {1928},
}

@book{burley,
	TITLE = {{Walter Burley, {\em On the Purity of the Art of Logic}}: The Shorter and the Longer Treatises},
	AUTHOR = {Spade, Paul Vincent},
	PUBLISHER = {Yale University Press},
	SERIES = {Yale Library of Medieval Philosophy},
	YEAR = {2000},
}

@book{reinhardt,
	AUTHOR = {Reinhardt, Tobias},
	TITLE = {{Cicero's {\em Topica}}, edited with translation introduction, and commentary},
	PUBLISHER = {Oxford University Press},
	SERIES = {Oxford Classical Monographs},
	YEAR = {2007},
}

@book{luhtala,
	AUTHOR = {Luhtala, Anneli},
	TITLE = {Grammar and Philosophy in Late Antiquity: A study of Priscian's sources},
	PUBLISHER = {John Benjamins Publishing Company},
	SERIES = {Studies in the History of the Language Sciences},
	VOLUME = {107},
	YEAR = {2005},
}

@book{ackrill,
	AUTHOR = {Ackrill, J. L.},
	TITLE = {{Aristotle, Categories and De Interpretatione}},
	SERIES = {Clarendon Aristotle Series},
	PUBLISHER = {Clarendon Press},
	ADDRESS = {Oxford},
	YEAR = {1975},
}

@book{strikerI,
	AUTHOR = {Striker, Gisela},
	TITLE = {{Aristotle, Prior Analytics Book I}},
	SERIES = {Clarendon Aristotle Series},
	PUBLISHER = {Clarendon Press},
	ADDRESS = {Oxford},
	YEAR = {2009},
}

@book{topicis,
	AUTHOR = {Stump, Eleonore},
	TITLE = {{Boethius's {\em De topicis differentiis}}},
	SERIES = {Cornell Classics in Philosophy},
	PUBLISHER = {Cornell University Press},
	YEAR = {2004},
}

@book{strange,
	AUTHOR = {Strange, Steven K.},
	TITLE = {{Porphyry: On Aristotle Categories}},
	SERIES = {Ancient Commentators on Aristotle},
	PUBLISHER = {Bloomsbury},
	YEAR = {2014},	
}

@book{dexippus,
	AUTHOR = {Dillon, John}, 
	TITLE = {{Dexippus: On Aristotle Categories}},
	SERIES = {Ancient Commentators on Aristotle},
	PUBLISHER = {Bloomsbury},
	YEAR = {2014},
}

@book{boethius1to3,
	AUTHOR = {Smith, Andrew},
	TITLE = {{Boethius: On Aristotle On Interpretation 1--3}},
	SERIES = {Ancient Commentators on Aristotle},
	PUBLISHER = {Bloomsbury},
	YEAR = {2014},
}

@book{boethius4to6,
	AUTHOR = {Smith, Andrew},
	TITLE = {{Boethius: On Aristotle On Interpretation 4--6}},
	SERIES = {Ancient Commentators on Aristotle},
	PUBLISHER = {Bloomsbury},
	YEAR = {2014},
}

@book{copenhaver,
	AUTHOR = {Brian P. Copenhaver and Calvin G. Normore and Terence Parsons},
	TITLE = {{Peter of Spain: {\em Summaries of Logic}. Text, Translation, Introduction, and Notes}},
	PUBLISHER = {Oxford University Press},
	YEAR = {2014},
}

@book{sherwood,
	AUTHOR = {Kretzmann, Norman},
	TITLE = {{William of Sherwood's Introduction to Logic}},
	PUBLISHER = {University of Minnesota Press},
	YEAR = {1966},
}

@book{syncategorematic,
	AUTHOR = {Kretzmann, Norman},
	TITLE = {{William of Sherwood's Treatise on Syncategorematic Words}},
	PUBLISHER = {University of Minnesota Press},
	YEAR = {1968},
}

@book{barnes,
	AUTHOR = {Barnes, Jonathan},
	PUBLISHER = {Clarendon Press},
	ADDRESS = {Oxford},
	TITLE = {Truth, etc.: Six Lectures on Ancient Logic},
	YEAR = {2007},
}

@book{isagoge,
	AUTHOR = {Barnes, Jonathan},
	TITLE = {{Porphyry, {\em Introduction}}},
	SERIES = {Clarendon Later Ancient Philosophers},
	PUBLISHER = {Clarendon Press},
	ADDRESS = {Oxford},
	YEAR = {2003},
}

@book{kneale,
	AUTHOR = {Kneale, William and Kneale, Martha},
	TITLE = {The Development of Logic},
	PUBLISHER = {Clarendon Press},
	ADDRESS = {Oxford},
	YEAR = {1962},
}

@book{longeway,
	AUTHOR = {Longeway, John},
	TITLE = {{William Heytesbury, On Maxima and Minima. Chapter 5 of {\em Rules for Solving Sophismata},
	 with an anonymous fourteenth-century discussion}},
	SERIES = {Synthese Historical Library},
	VOLUME = {26},
	PUBLISHER = {D. Reidel Publishing Company},
	YEAR = {1984},
}

@book{grant,
	EDITOR = {Grant, Edward},
	TITLE = {A Source Book in Medieval Science},
	YEAR = {1974},
	PUBLISHER = {Harvard University Press},
}

@book{CHMP,
	EDITOR = {Pasnau, Robert and Dyke, Christina van},
	TITLE = {{The Cambridge History of Medieval Philosophy, volume I}},
	YEAR = {2010},
	PUBLISHER = {Cambridge University Press},
	EDITION = {revised},
}

@book{CHLMP,
	EDITOR = {Kretzmann, Normann and Kenny, Anthony and Pinborg, Jan},
	TITLE = {{The Cambridge History of Later Medieval Philosophy}},
	YEAR = {1982},
	PUBLISHER = {Cambridge University Press},
}

@book{CTMPT,
	EDITOR = {Norman Kretzmann and Eleonore Stump},
	TITLE = {{The Cambridge Translations of Medieval Philosophical Texts, volume one: Logic and the Philosophy of Language}},
	PUBLISHER = {Cambridge University Press},
	YEAR = {1989},
}