@book{everest,
	AUTHOR = {Everest, Graham and Ward, Thomas},
	SERIES = {Graduate Texts in Mathematics},
	VOLUME = {232},
	PUBLISHER = {Springer},
	YEAR = {2005},
	TITLE = {An Introduction to Number Theory},
}

@book{neukirch,
	AUTHOR = {Neukirch, J\"urgen},
	TITLE = {Algebraic Number Theory},
	PUBLISHER = {Springer},
	YEAR = {1999},
	NOTE = {Translated from the German by Norbert Schappacher},
	SERIES = {Grundlehren der mathematischen Wissenschaften},
	VOLUME = {322},
}

@book{dummit,
	AUTHOR = {Dummit, David S. and Foote, Richard M.},
	TITLE = {Abstract Algebra},
	EDITION = {third},
	PUBLISHER = {John Wiley \& Sons},
	YEAR = {2004},
}

@book{kato2,
	TITLE = {Number Theory 2: Introduction to Class Field Theory},
	AUTHOR = {Kato, Kazuya and Kurokawa, Nobushige and Saito, Takeshi},
	SERIES = {Translations of Mathematical Monographs},
	VOLUME = {240},
	YEAR = {2011},
	PUBLISHER = {American Mathematical Society},
	ADDRESS = {Providence, RI},
	NOTE = {Translated by Masato Kuwata and Katsumi Nomizu},
}

@book{gaussII,
	TITLE = {{Carl Friedrich Gauss. Werke. Zweiter Band}},
	YEAR = {1876},
	AUTHOR = {Gauss, Carl Friedrich},
	PUBLISHER = {K\"oniglichen Gesellschaft der Wissenschaften zu G\"ottingen},
}

@book{dirichlet,
	AUTHOR = {Dirichlet, P. G. L.},
	TITLE = {Lectures on Number Theory},
	NOTE = {Supplements by R. Dedekind, translated from the German by John Stillwell},
	SERIES = {History of Mathematics},
	VOLUME = {16},
	PUBLISHER = {American Mathematical Society},
	ADDRESS = {Providence, RI},
	YEAR = {1999},
}

@article{kurshan,
	AUTHOR = {Kurshan, R. P. and Odlyzko, A. M.},
	TITLE = {Values of cyclotomic polynomials at roots of unity},
	JOURNAL = {Math. Scand.},
	VOLUME = {49},
	YEAR = {1981},
	PAGES = {15--35},
}

@article{thangadurai,
	AUTHOR = {Thangadurai, R. and Vatwani, A.},
	TITLE = {The Least Prime Congruent to One Modulo $n$},
	JOURNAL = {Amer. Math. Monthly},
	VOLUME = {118},
	NUMBER = {8},
	PAGES = {737--742},
	YEAR = {2011},
}

@article{moree2009,
	AUTHOR = {Moree, Pieter},
	TITLE = {Inverse cyclotomic polynomials},
	JOURNAL = {J. Number Theory},
	VOLUME = {129},
	YEAR = {2009},
	PAGES = {667--680},
}

@article{cobeli,
	TITLE = {{Sister Beiter and Kloosterman}: A tale of cyclotomic coefficients and modular inverses},
	AUTHOR = {Cobeli, Cristian and Gallot, Yves and Moree, Pieter and Zaharescu, Alexandru},
	JOURNAL = {Indagationes Mathematicae},
	VOLUME = {24},
	YEAR = {2013},
	PAGES = {915--929},
}

@article{ternary,
	AUTHOR = {Gallot, Yves and Moree, Pieter},
	JOURNAL = {J. reine angew. Math.},
	TITLE = {Ternary cyclotomic polynomials having a large coefficient},
	VOLUME = {632},
	YEAR = {2009},
	PAGES = {105--125},
}

@article{carlitz1966,
	AUTHOR = {Carlitz, L.},
	TITLE = {The number of terms in the cyclotomic polynomial {$F_{pq}(x)$}},
	JOURNAL = {Amer. Math. Monthly},
	VOLUME = {73},
	NUMBER = {9},
	PAGES = {979--981},
	YEAR = {1966},
}

@article {carlitz1967,
    AUTHOR = {Carlitz, L.},
     TITLE = {The sum of the squares of the coefficients of the cyclotomic
              polynomial},
   JOURNAL = {Acta Math. Acad. Sci. Hungar.},
  FJOURNAL = {Acta Mathematica Academiae Scientiarum Hungaricae},
    VOLUME = {18},
      YEAR = {1967},
     PAGES = {295--302},
}

@article{meshulam,
	AUTHOR = {Meshulam, Roy},
	JOURNAL = {J. Algebraic Combin.},
	VOLUME = {35},
	PAGES = {565--571},
	YEAR = {2012},
	TITLE = {Homology of balanaced complexes via the {F}ourier transform},
}

@article{beiter1968,
	AUTHOR = {Beiter, Marion},
	TITLE = {Magnitude of the coefficients of the cyclotomic polynomial {$F_{pqr}(x)$}},
	JOURNAL = {Amer. Math. Monthly},
	VOLUME = {75},
	NUMBER = {4},
	PAGES = {370--372},
	YEAR = {1968},
}

@article{beiter1964,
	AUTHOR = {Beiter, Marion},
	TITLE = {The midterm coefficient of the cyclotomic polynomial {$F_{pq}(x)$}},
	JOURNAL = {Amer. Math. Monthly},
	VOLUME = {71},
	NUMBER = {7},
	PAGES = {769--770},
	YEAR = {1964},
}

@book{lidl,
	SERIES = {Encyclopedia of Mathematics and Its Applications},
	VOLUME = {20},
	TITLE = {Finite Fields},
	AUTHOR = {Lidl, Rudolf and Niederreiter, Harald},
	PUBLISHER = {Cambridge University Press},
	YEAR = {1997},
}

@book{washington,
	AUTHOR = {Washington, Lawrence C.},
	TITLE = {Introduction to cyclotomic fields},
	PUBLISHER = {Springer},
	SERIES = {Graduate Texts in Mathematics},
	VOLUME = {83},
	YEAR = {1997},
	EDITION = {second},
}

@incollection{neumannDA,
	AUTHOR = {Neumann, Olaf},
	TITLE = {The {{\em Disquisitiones Arithmeticae}} and the Theory of Equations},
	PAGES = {107--127},
	BOOKTITLE = {The Shaping of Arithmetic after C. F. Gauss's Disquisitiones
	Arithmeticae},
	EDITOR = {Goldstein, Catherine and Schappacher, Norbert and Schwermer, Joachim},
	PUBLISHER = {Springer},
	YEAR = {2007},
}

@article{bang,
	AUTHOR = {Bang, Alfred Sophus},
	TITLE = {Om {L}igningen {$\Phi_m(X)=0$}},
	JOURNAL = {Nyt Tidsskrift for Mathematik, Afdeling B},
	VOLUME = {6},
	PAGES = {6--12},
	YEAR = {1895},
}

@incollection {wirsing,
    AUTHOR = {Wirsing, Eduard},
     TITLE = {The third logarithmic momentum of the cyclotomic polynomial on
              the unit circle and factorizations with a linear side
              condition},
 BOOKTITLE = {Elementare und analytische {Z}ahlentheorie},
    SERIES = {Schriften der Wissenschaftlichen Gesellschaft an der Johann Wolfgang Goethe-Universit\"at Frankfurt am Main},
    VOLUME = {20},
   	EDITOR = {Wolfgang Schwarz and J\"orn Steuding},
     PAGES = {297--312},
 PUBLISHER = {Franz Steiner Verlag},
 	ADDRESS = {Stuttgart},
      YEAR = {2006},
}

@incollection {maier2006,
	AUTHOR = {Maier, Helmut},
     TITLE = {The distribution of the {$L^2$}-norm of cyclotomic
              polynomials on the unit circle},
   	EDITOR = {Wolfgang Schwarz and J\"orn Steuding},
 BOOKTITLE = {Elementare und analytische {Z}ahlentheorie},
    SERIES = {Schriften der Wissenschaftlichen Gesellschaft an der Johann Wolfgang Goethe-Universit\"at Frankfurt am Main},
    VOLUME = {20},
     PAGES = {164--179},
 PUBLISHER = {Franz Steiner Verlag},
 	ADDRESS = {Stuttgart},
      YEAR = {2006},
}

@incollection{maier2008,
	AUTHOR = {Maier, Helmut},
	TITLE = {Anatomy of integers and cyclotomic polynomials},
	PAGES = {89--95},
	EDITOR = {De Koninck, Jean-Marie and Granville, Andrew  and Luca, Florian},
	BOOKTITLE = {Anatomy of Integers},
	PUBLISHER = {American Mathematical Society},
	ADDRESS = {Providence, RI},
	YEAR = {2008},
	SERIES = {CRM Proceedings \& Lecture Notes},
	VOLUME = {46},
}

@incollection{maier1995,
	AUTHOR = {Maier, Helmut},
	TITLE = {The size of the coefficients of cyclotomic polynomials},
	PAGES = {633-639},
	EDITOR = {Berndt, Bruce C. and Diamond, Harold G. and Hildebrand, Adolf J.},
	BOOKTITLE = {Analytic Number Theory. Proceedings of a Conference in Honor of Heini Halberstam, Volume 2},
	SERIES = {Progress in Mathematics},
	VOLUME = {139},
	PUBLISHER = {Birkh\"auser},
	YEAR = {1996},
}

@incollection{maier1990,
	AUTHOR = {Maier, Helmut},
	TITLE = {The coefficients of cyclotomic polynomials},
	PAGES = {349--366},
	EDITOR = {Berndt, Bruce C. and Diamond, Harold G. and Halberstam, Heini and Hildebrand, Adolf},
	BOOKTITLE = {Analytic Number Theory. Proceedings of a Conference in Honor of Paul T. Bateman},
	SERIES = {Progress in Mathematics},
	VOLUME = {85},
	PUBLISHER = {Birkh\"auser},
	YEAR = {1990},
}

@article {bzdega,
    AUTHOR = {Bzd{\k{e}}ga, Bart{\l}omiej},
     TITLE = {On the height of cyclotomic polynomials},
   JOURNAL = {Acta Arith.},
  FJOURNAL = {Acta Arithmetica},
    VOLUME = {152},
      YEAR = {2012},
    NUMBER = {4},
     PAGES = {349--359},
}

@article {mcgehee,
    AUTHOR = {McGehee, O. Carruth and Pigno, Louis and Smith, Brent},
     TITLE = {Hardy's inequality and the {$L^{1}$} norm of exponential
              sums},
   JOURNAL = {Ann. of Math. (2)},
  FJOURNAL = {Annals of Mathematics. Second Series},
    VOLUME = {113},
      YEAR = {1981},
    NUMBER = {3},
     PAGES = {613--618},
}

@book{devore,
	AUTHOR = {DeVore, Ronald A. and Lorentz, George G.},
	TITLE = {Constructive Approximation},
	SERIES = {Die Grundlehren der mathematischen Wissenschaften},
	VOLUME = {303},
	PUBLISHER = {Springer},
	YEAR = {1993},
}

@book{commutative,
	AUTHOR = {Bourbaki, Nicolas},
	TITLE = {Elements of Mathematics. {C}ommutative Algebra},
	PUBLISHER = {Addison-Wesley},
	YEAR = {1972},
}

@book{bourbaki,
	AUTHOR = {Bourbaki, Nicolas},
	TITLE = {Elements of Mathematics. {A}lgebra {II}, Chapters 4--7},
	NOTE = {Translated by P. M. Cohn and J. Howie},
	PUBLISHER = {Springer},
	YEAR = {1990},
}

@article{lehmer,
	AUTHOR = {Lehmer, Emma},
	TITLE = {On the magnitude of the coefficients of the cyclotomic polynomial},
	PAGES = {389--392},
	VOLUME = {42},
	NUMBER = {6},
	JOURNAL = {Bull. Amer. Math. Soc.},
	YEAR = {1936},
}

@book{escofier,
	PUBLISHER = {Springer},
	YEAR = {2001},
	SERIES = {Graduate Texts in Mathematics},
	VOLUME = {204},
	TITLE = {Galois Theory},
	AUTHOR = {Escofier, Jean-Pierre},
	NOTE = {Translated by Leila Schneps},
}

@book{weil,
	AUTHOR = {Weil, Andr\'e},
	TITLE = {Number Theory: An approach through history from {H}ammurapi to {L}egendre},
	PUBLISHER = {Birkh{\" a}user},
	YEAR = {1984},
}

@article{reiner,
	JOURNAL = {J. reine angew. Math.},
	VOLUME = {687},
	PAGES = {113--132},
	TITLE = {The cyclotomic polynomial topologically},
	YEAR = {2014},
	AUTHOR = {Musiker, Gregg and Reiner, Victor},
}

@article{migotti,
	TITLE = {{Zur Theorie der Kreistheilungsgleichung}},
	AUTHOR = {Migotti, Adolf},
	JOURNAL = {Sitzungsberichte der Mathematisch-Naturwissenschaftlichen Classe der Kaiserlichen Akademie der Wissenschaften},
	YEAR = {1883},
	VOLUME = {87},
	NOTE = {Heft I, Abt. II},
	PAGES = {7--14},
}

@article{bateman,
	AUTHOR = {Bateman, P. T.},
	TITLE = {Note on the coefficient of the cyclotomic polynomial},
	JOURNAL = {Bull. Amer. Math. Soc.},
	VOLUME = {55},
	NUMBER = {12},
	YEAR = {1949},
	PAGES = {1180--1181},
}

@book{chandra,
	AUTHOR = {Chandrasekharan, K.},
	TITLE = {Arithmetical Functions},
	SERIES = {Die Grundlehren der mathematischen Wissenschaften},
	VOLUME = {167},
	PUBLISHER = {Springer},
	YEAR = {1970},
}

@article{bachman,
	AUTHOR = {Bachman, Gennady},
	TITLE = {On the Coefficients of Cyclotomic Polynomials},
	JOURNAL = {Memoirs of the American Mathematical Society},
	NUMBER = {510},
	VOLUME = {106},
	YEAR = {1993},
	PAGES = {1--80},
}

@article {bloom,
    AUTHOR = {Bloom, D. M.},
     TITLE = {On the coefficients of the cyclotomic polynomials},
   JOURNAL = {Amer. Math. Monthly},
  FJOURNAL = {The American Mathematical Monthly},
    VOLUME = {75},
      YEAR = {1968},
     PAGES = {372--377},
}

@article{erdos1956,
	AUTHOR = {Erd\H{o}s, P.},
	TITLE = {On the growth of the cyclotomic polynomial in the interval $(0,1)$},
	JOURNAL = {Proceedings of the Glasgow Mathematical Association},
	VOLUME = {3},
	NUMBER = {2},
	YEAR = {1957},
	PAGES = {102--104},
}

@article{erdos1974,
	AUTHOR = {Erd\H{o}s, P. and Vaughan, R. C.},
	TITLE = {Bounds for the $r$-th coefficients of cyclotomic polynomials},
	JOURNAL = {J. London Math. Soc. (2)},
	PAGES = {393--400},
	VOLUME = {8},
	NUMBER = {3},
	YEAR = {1974},
}

@article {vaughan,
    AUTHOR = {Vaughan, R. C.},
     TITLE = {Bounds for the coefficients of cyclotomic polynomials},
   JOURNAL = {Michigan Math. J.},
  FJOURNAL = {The Michigan Mathematical Journal},
    VOLUME = {21},
      YEAR = {1974},
     PAGES = {289--295 (1975)},
}

@book{montgomery,
	AUTHOR = {Montgomery, Hugh L. and Vaughan, Robert C.},
	TITLE = {Multiplicative Number Theory {I}: Classical Theory},
	SERIES = {Cambridge Studies in Advanced Mathematics},
	VOLUME = {97},
	PUBLISHER = {Cambridge University Press},
	YEAR = {2006},
}

@article {nicolas,
    AUTHOR = {Nicolas, Jean-Louis and Terjanian, Guy},
     TITLE = {Une majoration de la longueur des polyn\^omes cyclotomiques},
   JOURNAL = {Enseign. Math. (2)},
    VOLUME = {45},
      YEAR = {1999},
    NUMBER = {3-4},
     PAGES = {301--309},
}

@article {konyagin,
    AUTHOR = {Konyagin, Sergei and Maier, Helmut and Wirsing, Eduard},
     TITLE = {Cyclotomic polynomials with many primes dividing their orders},
   JOURNAL = {Period. Math. Hungar.},
    VOLUME = {49},
      YEAR = {2004},
    NUMBER = {2},
     PAGES = {99--106},
}

@article{lam1996,
	TITLE = {On the Cyclotomic Polynomial {$\Phi_{pq}(X)$}},
	AUTHOR = {T. Y. Lam and K. H. Leung},
	JOURNAL = {Amer. Math. Monthly},
	VOLUME = {103},
	NUMBER = {7},
	PAGES = {562--564},
	YEAR = {1996},
}