@book{klein,
	AUTHOR = {Klein, Jacob},
	TITLE = {Greek Mathematical Thought and the Origin of Algebra},
	PUBLISHER = {Dover Publications},
	YEAR = {1992},
	NOTE = {Translated by Eva Brann},
}

@book{LCL427,
	AUTHOR = {Cherniss, Harold},
	TITLE = {{Plutarch, Moralia, Volume XIII: Part 1}},
	SERIES = {Loeb Classical Library},
	NUMBER = {427},
	PUBLISHER = {Harvard University Press},
	YEAR = {1976},
}

@book{aristotle,
	AUTHOR = {Heath, Thomas L.},
	TITLE = {Mathematics in {A}ristotle},
	PUBLISHER = {Claredon Press},
	ADDRESS = {Oxford},
	YEAR = {1949},
}

@book{ebbinghaus,
	AUTHOR = {Ebbinghaus, Heinz-Dieter},
	TITLE = {Ernst {Z}ermelo: An Approach to His Life and Work},
	PUBLISHER = {Springer},
	YEAR = {2007},
}

@book{cynic,
	PUBLISHER = {Oxford University Press},
	SERIES = {Oxford World's Classics},
	AUTHOR = {Hard, Robin},
	TITLE = {Diogenes the {C}ynic: Sayings and Anecdotes, with Other Popular Moralists},
	YEAR = {2012},
}

@book{coxon,
	TITLE = {The Philosophy of Forms: An Analytical and Historical Commentary on {P}lato's {\em Parmenides}},
	AUTHOR = {Coxon, A. H.},
	PUBLISHER = {Van Gorcum},
	ADDRESS = {Assen, The Netherlands},
	YEAR = {1999},
}

@book{horky,
	AUTHOR = {Horky, Phillip Sidney},
	TITLE = {Plato and {P}ythagoreanism},
	PUBLISHER = {Oxford University Press},
	YEAR = {2013},
}

@book{gill,
	AUTHOR = {Gill, Mary Louise},
	TITLE = {Philosophos: {P}lato's Missing Dialogue},
	PUBLISHER = {Oxford University Press},
	YEAR = {2012},
}

@book{sedley,
	AUTHOR = {Sedley, David},
	TITLE = {{Plato's {\em Cratylus}}},
	PUBLISHER = {Cambridge University Press},
	SERIES = {Cambridge Studies in the Dialogues of Plato},
	YEAR = {2003},
}

@incollection{kramer,
	AUTHOR = {Kr\"amer, Hans Joachim},
	TITLE = {Plato's unwritten doctrine},
	PAGES = {65--81},
	EDITOR = {Nikulin, Dmitri},
	BOOKTITLE = {The Other {P}lato: The {T}\"ubingen Interpretation of {P}lato's Inner-Academic Teachings},
	YEAR = {2012},
	PUBLISHER = {State University of New York Press},
	SERIES = {SUNY Series in Ancient Greek Philosophy},
}

@book{cohen,
	AUTHOR = {Cohen, Paul J.},
	TITLE = {Set Theory and the Continuum Hypothesis},
	PUBLISHER = {Dover Publications},
	YEAR = {2008},
}

@book{kneale,
	AUTHOR = {Kneale, William and Kneale, Martha},
	TITLE = {The development of logic},
	PUBLISHER = {Clarendon Press},
	ADDRESS = {Oxford},
	YEAR = {1962},
}

@book{socratics,
	TITLE = {The Circle of {S}ocrates: Readings in the First-Generation {S}ocratics},
	AUTHOR = {George Boys-Stones and Christopher Rowe},
	PUBLISHER = {Hackett Publishing},
	YEAR = {2013},
}

@book{moore,
	TITLE = {Zermelo's Axiom of Choice: Its Origins, Development, and Influence},
	YEAR = {2013},
	PUBLISHER = {Dover Publications},
	AUTHOR = {Moore, Gregory H.},
}

@book{graeser,
	AUTHOR = {Graeser, Andreas},
	NOTE = {Translated by Ann M. Hentschel},
	TITLE = {The Fog Dispelled: Two Studies in {P}lato's Later Thought},
	PUBLISHER = {Franz Steiner Verlag},
	ADDRESS = {Stuttgart},
	YEAR = {2010},
}

@article{cherniss,
	AUTHOR = {Cherniss, Harold},
	TITLE = {The Philosophical Economy of the Theory of Ideas},
	JOURNAL = {American Journal of Philology},
	VOLUME = {57},
	NUMBER = {4},
	YEAR = {1936},
	PAGES = {445--456},
}

@book{ross,
	TITLE = {Plato's Theory of Ideas},
	AUTHOR = {Ross, David},
	PUBLISHER = {Clarendon Press},
	ADDRESS = {Oxford},
	YEAR = {1953},
	EDITION = {second},
}

@book{waterfieldmeno,
	AUTHOR = {Waterfield, Robin},
	PUBLISHER = {Oxford University Press},
	SERIES = {Oxford World's Classics},
	TITLE = {Plato: {{\em Meno}} and other dialogues. {{\em Charmides, Laches, Lysis, Meno}}},
	YEAR = {2005},
	NOTE = {Translated with an introduction and notes},
}

@book{taylorprotagoras,
	PUBLISHER = {Oxford University Press},
	SERIES = {Oxford World's Classics},
	TITLE = {Plato: {{\em Protagoras}}},
	AUTHOR = {Taylor, C. C. W.},
	YEAR = {1996},
}

@book{waterfieldphaedrus,
	AUTHOR = {Waterfield, Robin},
	PUBLISHER = {Oxford University Press},
	SERIES = {Oxford World's Classics},
	TITLE = {Plato: {{\em Phaedrus}}},
	YEAR = {2002},
	NOTE = {Translated with an introduction and notes},
}

@book{forster,
	AUTHOR = {Forster, Thomas},
	TITLE = {Logic, induction and sets},
	PUBLISHER = {Cambridge University Press},
	YEAR = {2003},
	SERIES = {London Mathematical Society Student Texsts},
	VOLUME = {56},
}

@article{heinaman,
	AUTHOR = {Heinaman, Robert},
	TITLE = {Self-predication in {P}lato's Middle Dialogues}, 
	JOURNAL = {Phronesis},
	VOLUME = {34},
	NUMBER = {1},
	YEAR = {1989},
	PAGES = {56--79},
}

@book{grube,
	AUTHOR = {Grube, G. M. A.},
	TITLE = {Plato's thought},
	PUBLISHER = {Hackett Publishing Company},
	YEAR = {1980},
}

@book{stillwell,
	AUTHOR = {Stillwell, John C.},
	TITLE = {Roads to Infinity: The Mathematics of Truth and Proof},
	PUBLISHER = {A K Peters},
	YEAR = {2010},
}

@article{black,
	AUTHOR = {Black, Max},
	TITLE = {The elusiveness of sets},
	JOURNAL = {The Review of Metaphysics},
	VOLUME = {24},
	NUMBER = {4},
	YEAR = {1971},
	PAGES = {614--636},
}

@incollection{meinwald,
	AUTHOR = {Meinwald, Constance C.},
	TITLE = {Good-bye to the third man},
	PAGES = {365--396},
	EDITOR = {Kraut, Richard},
	BOOKTITLE = {The Cambridge Companion to Plato},
	PUBLISHER = {Cambridge University Press},
	YEAR = {1992},
}

@book{cornfordrepublic,
	AUTHOR = {Cornford, Francis Macdonald},
	PUBLISHER = {Oxford University Press},
	YEAR = {1941},
	TITLE = {The {{\em Republic}} of {P}lato, translated with introduction and notes},
}

@book{cornfordtheaetetus,
	AUTHOR = {Cornford, Francis Macdonald},
	PUBLISHER = {Dover Publications},
	YEAR = {2003},
	TITLE = {Plato's theory of knowledge: the {{\em Theaetetus} and the {\em Sophist}},
translated, with commentary},
}

@book{cornfordtimaeus,
	AUTHOR = {Cornford, Francis Macdonald},
	YEAR = {1937},
	TITLE = {Plato's Cosmology: The {{\em Timaeus} of Plato}, translated
	with a running commentary},
	ADDRESS = {London},
	PUBLISHER = {Kegan Paul},
}

@book{cornfordparmenides,
	TITLE = {{Plato and Parmenides: Parmenides' {\em Way of Truth} and Plato's {\em Parmenides}, translated with an introduction
	and a running commentary}},
	AUTHOR = {Cornford, Francis Macdonald},
	PUBLISHER = {Kegan Paul},
	ADDRESS = {London},
	YEAR = {1939},
}

@article{clegg,
	AUTHOR = {Clegg, Jerry S.},
	TITLE = {Self-Predication and Linguistic Reference in {P}lato's Theory of the Forms},
	JOURNAL = {Phronesis},
	VOLUME = {18},
	NUMBER = {1},
	YEAR = {1973},
	PAGES = {26--43},
}

@article{ellerman,
	TITLE = {Category Theory and Concrete Universals},
	JOURNAL = {Erkenntnis},
	VOLUME = {28},
	NUMBER = {3},
	YEAR = {1988},
	PAGES = {409--429},
	AUTHOR = {Ellerman, David P.},
}

@article{kanamori,
	AUTHOR = {Kanamori, Akihiro},
	JOURNAL = {Bulletin of Symbolic Logic},
	VOLUME = {10},
	NUMBER = {4},
	YEAR = {2004},
	PAGES = {487--553},
	TITLE = {Zermelo and set theory},
}

@article{allen1960,
	AUTHOR = {Allen, R. E.},
	TITLE = {Participation and predication in {P}lato's middle dialogues},
	JOURNAL = {Philosophical Review},
	YEAR = {1960},
	PAGES = {147--164},
	VOLUME = {69},
	NUMBER = {2},
}

@book{euthyphro,
	TITLE = {Plato's {{\em Euthyphro}} and the Earlier Theory of Forms},
	PUBLISHER = {Routledge},
	YEAR = {2014},
	AUTHOR = {Allen, R. E.},
}

@book{edwards, 
	AUTHOR = {Edwards, Douglas},
	TITLE = {Properties},
	YEAR = {2014},
	PUBLISHER = {Polity Press},
	ADDRESS = {Cambridge},
}

@book{barnes2009,
	AUTHOR = {Barnes, Jonathan},
	TITLE = {Truth, etc.},
	PUBLISHER = {Oxford University Press},
	YEAR = {2009},
}

@incollection{barnes,
	AUTHOR = {Barnes, Jonathan},
	PAGES = {429--483},
	TITLE = {Bits and pieces},
	BOOKTITLE = {Method and Metaphysics: Essays in Ancient Philosophy I},
	EDITOR = {Barnes, Jonathan},
	PUBLISHER = {Oxford University Press},
	YEAR = {2011},
}

@book{zalta,
	AUTHOR = {Zalta, Edward N.},
	TITLE = {Abstract Objects: An Introduction to Axiomatic Metaphysics},
	PUBLISHER = {D. Reidel Publishing Company},
	YEAR = {1983},
	SERIES = {Synthese Library},
	VOLUME = {160},
}

@book{malcolm,
	AUTHOR = {Malcolm, John},
	TITLE = {Plato on the Self-Predication of Forms: Early and Middle Dialogues},
	PUBLISHER = {Clarendon Press},
	ADDRESS = {Oxford},
	YEAR = {1991},
}

@article{nehamas,
	AUTHOR = {Nehamas, Alexander},
	TITLE = {Self-Predication and {P}lato's Theory of Forms},
	JOURNAL = {American Philosophical Quarterly},
	VOLUME = {16},
	NUMBER = {2},
	PAGES = {93--103},
	YEAR = {1979},
}

@article{nehamas1982,
	AUTHOR = {Nehamas, Alexander},
	TITLE = {Participation and predication in {P}lato's later thought},
	JOURNAL = {Review of Metaphysics},
	VOLUME = {36},
	YEAR = {1982},
	PAGES = {343--374},
}

@book{sayre,
	AUTHOR = {Sayre, Kenneth M.},
	PUBLISHER = {Princeton University Press},
	YEAR = {1983},
	TITLE = {Plato's late ontology: A riddle resolved},
}

@book{dauben,
	AUTHOR = {Dauben, Joseph Warren},
	TITLE =  {Georg {C}antor: his mathematics and philosophy of the infinite},
	PUBLISHER = {Princeton University Press},
	YEAR = {1990},
}

@book{rickless,
	AUTHOR = {Rickless, Samuel C.},
	TITLE = {Plato's Forms in Transition: A Reading of the {P}armenides},
	PUBLISHER = {Cambridge University Press},
	YEAR = {2009},
}

@book{russell,
	AUTHOR = {Russell, Bertrand},
	YEAR = {2010},
	PUBLISHER = {Routledge},
	TITLE = {The Philosophy of Logical Atomism},
}

@article{vlastos1981,
	AUTHOR = {Vlastos, Gregory},
	TITLE = {On a Proposed Redefinition of ``Self-Predication'' in {P}lato},
	JOURNAL = {Phronesis},
	VOLUME = {26},
	NUMBER = {1},
	YEAR = {1981},
	PAGES = {76--79},
}

@article{zermelo1930,
	AUTHOR = {Zermelo, Ernst},
	TITLE = {{\"Uber Grenzzahlen und Mengenbereiche. Neue Untersuchungen \"uber die Grundlagen der Mengenlehre}},
	JOURNAL = {Fundamenta Mathematicae},
	VOLUME = {16},
	PAGES = {29--47},
	YEAR = {1930},
}

@book{jech,
	AUTHOR = {Jech, Thomas},
	TITLE = {Set Theory: The Third Millennium Edition, Revised and Expanded},
	PUBLISHER = {Springer},
	YEAR = {2006},
	SERIES = {Springer Monographs in Mathematics},
}

@book{taylor,
	AUTHOR = {Taylor, A. E.},
	TITLE = {Plato: The Man and His Work},
	EDITION = {fourth},
	YEAR = {2013},
	PUBLISHER = {Routledge},
}

@book{ewaldII,
	TITLE = {From {K}ant to {H}ilbert: A Source Book in the Foundations of Mathematics, volume {II}},
	EDITOR = {Ewald, William},
	PUBLISHER = {Clarendon Press},
	ADDRESS = {Oxford},
	YEAR = {1996},
}

@book{kunen,
	AUTHOR = {Kunen, Kenneth},
	TITLE = {Set theory: an introduction to independence proofs},
	PUBLISHER = {North-Holland},
	YEAR = {1980},
	SERIES = {Studies in Logic and the Foundations of Mathematics},
	VOLUME = {102},
}

@book{harte,
	TITLE = {Plato on Parts and Wholes: The Metaphysics of Structure},
	AUTHOR = {Harte, Verity},
	PUBLISHER = {Oxford University Press},
	YEAR = {2005},
}

@incollection{mates,
	AUTHOR = {Mates, Benson},
	TITLE = {Identity and Predication in {P}lato},
	PAGES = {29--47},
	BOOKTITLE = {The Logic of Being: Historical Studies},
	EDITOR = {Simo Knuuttila and Jaakko Hintikka},
	SEIES = {Synthese Historical Library},
	VOLUME = {28},
	YEAR = {1986},
	PUBLISHER = {D. Reidel Publishing Company},
	ADDRESS = {Dordrecht},
}