@book{spivak,
	AUTHOR = {Spivak, Michael},
	TITLE = {{Physics for Mathematicians. Mechanics I}},
	PUBLISHER = {Publish or Perish, Inc.},
	YEAR = {2010},
}

@book{marsden,
	AUTHOR = {Marsden, E. W.},
	TITLE = {Greek and {Roman} artillery: technical treatises},
	PUBLISHER = {Clarendon Press},
	ADDRESS = {Oxford},
	YEAR = {1971},
}

@book{sommerfeldI,
	AUTHOR = {Sommerfeld, Arnold},
	NOTE = {Translated from the fourth German edition by Martin O. Stern},
	YEAR = {1952},
	PUBLISHER = {Academic Press},
	TITLE = {Mechanics. {L}ectures on Theoretical Physics, vol. {I}},
}

@book{cohen,
	EDITOR = {Cohen, Morris R. and Drabkin, I. E.},
	TITLE = {{A Source Book in Greek Science}},
	PUBLISHER = {Harvard University Press},
	SERIES = {Source Books in the History of the Sciences},
	YEAR = {1948},
}

@book{humphrey,
	AUTHOR = {Humphrey, John W. and Oleson, John P. and Sherwood, Andrew N.},
	TITLE = {{Greek and Roman Technology: A Sourcebook. Annotated translations of Greek and Latin texts and documents}},
	PUBLISHER = {Routledge},
	YEAR = {1998},
}

@incollection{wilson,
	AUTHOR = {Wilson, Andrew I.},
	TITLE = {{Machines in Greek and Roman Technology}},
	PAGES = {337--366},
	BOOKTITLE = {The Oxford Handbook of Engineering and Technology in the Classical World},
	EDITOR = {Oleson, John Peter},
	PUBLISHER = {Oxford University Press},
	YEAR = {2008},
}

@incollection{aristotleVI,
	AUTHOR = {Forster, E. S.},
	TITLE = {Mechanica},
	BOOKTITLE = {{The Works of Aristotle, Volume VI}},
	EDITOR = {Ross, W. D.},
	PUBLISHER = {Clarendon Press},
	ADDRESS = {Oxford},
	YEAR = {1913},
}

@book{OIP31,
	AUTHOR = {{Sakkara Expedition}},
	TITLE = {{The Mastaba of Mereruka, Part I. Chambers A 1--10}},
	SERIES = {University of Chicago Oriental Institute Publications},
	VOLUME = {31},
	PUBLISHER = {University of Chicago Press},
	YEAR = {1938},	
}

@book{OIP47,
	AUTHOR = {Eisen, Gustavus A.},
	TITLE = {{Ancient Oriental Cylinder and Other Seals with a Description of the Collection of Mrs. William H. Moore}},
	SERIES = {University of Chicago Oriental Institute Publications},
	VOLUME = {47},
	PUBLISHER = {University of Chicago Press},
	YEAR = {1940},	
}

@book{moorey,
	AUTHOR = {Moorey, P. R. S.},
	TITLE = {Ancient {Mesopotamian} Materials and Industries: The Archaeological Evidence},
	ADDRESS = {Winona Lake, IN},
	PUBLISHER = {Eisenbrauns},
	YEAR = {1999},
}

@book{zeidlerIV,
	AUTHOR = {Zeidler, Eberhard},
	NOTE = {Translated by Juergen Quandt},
	TITLE = {Nonlinear Functional Analysis and its Applications {IV}: Applications to Mathematical Physics},
	PUBLISHER = {Springer},
	YEAR = {1988},
}

@book{CAHII1,
	EDITOR = {Edwards, I. E. S. and Gadd, C. J. and Hammond, N. G. L. and Sollberger, E.},
	TITLE = {{The Cambridge Ancient History. Volume II, Part 1:
	History of the Middle East and the Aegean Region {\em c}.~1800--1380 B.C.}},
	PUBLISHER = {Cambridge University Press},
	YEAR = {2006},
	EDITION = {third},
}

@book{petrie1926,
	AUTHOR = {Petire, Flinders},
	TITLE = {{Ancient weights and measures, illustrated by the Egyptian collection in University College, London}},
	YEAR = {1926},
	PUBLISHER = {Department of Egyptology, University College},
	ADDRESS = {London},
}

@incollection{rahmstorf,
	AUTHOR = {Rahmstorf, Lorenz},
	TITLE = {{The concept of weighing during the Bronze Age in the Aegean, the Near East and Europe}},
	PAGES = {88--105},
	EDITOR = {Morley, Iain and Renfrew, Colin},
	BOOKTITLE = {The Archaeology of Measurement:
Comprehending Heaven, Earth and Time in Ancient Societies},
	PUBLISHER = {Cambridge University Press},
	YEAR = {2010},
}