@article {hecke,
    AUTHOR = {Chandrasekharan, K. and Narasimhan, Raghavan},
     TITLE = {Hecke's functional equation and arithmetical identities},
   JOURNAL = {Ann. of Math. (2)},
  FJOURNAL = {Annals of Mathematics. Second Series},
    VOLUME = {74},
      YEAR = {1961},
     PAGES = {1--23},
}

@book{iwaniec,
	AUTHOR = {Iwaniec, Henryk and Kowalski, Emmanuel},
	TITLE = {Analytic Number Theory},
	PUBLISHER = {American Mathematical Society},
	ADDRESS = {Providence, RI},
	YEAR = {2004},
	SERIES = {American Mathematical Society Colloquium Publications},
	VOLUME = {53},
}

@book{chandra,
	AUTHOR = {Chandrasekharan, K.},
	TITLE = {Arithmetical Functions},
	SERIES = {Die Grundlehren der mathematischen Wissenschaften},
	VOLUME = {167},
	PUBLISHER = {Springer},
	YEAR = {1970},
}

@article{voronoi1903,
	AUTHOR = {Vorono\"i, Georges},
	TITLE = {Sur un probl\`eme du calcul des fonctions asymptotiques},
	JOURNAL = {J. Reine Angew. Math.},
	VOLUME = {126},
	YEAR = {1903},
	PAGES = {241--282},
	NUMBER = {4},
}

@article {bettin,
    AUTHOR = {Bettin, Sandro and Conrey, Brian},
     TITLE = {Period functions and cotangent sums},
   JOURNAL = {Algebra Number Theory},
  FJOURNAL = {Algebra \& Number Theory},
    VOLUME = {7},
      YEAR = {2013},
    NUMBER = {1},
     PAGES = {215--242},
}

@article {hejhal,
    AUTHOR = {Hejhal, Dennis A.},
     TITLE = {A note on the {V}orono\u\i\ summation formula},
   JOURNAL = {Monatsh. Math.},
  FJOURNAL = {Monatshefte f\"ur Mathematik},
    VOLUME = {87},
      YEAR = {1979},
    NUMBER = {1},
     PAGES = {1--14},
}

@article {laplace,
    AUTHOR = {Ivi{\'c}, Aleksandar},
     TITLE = {The {V}oronoi identity via the {L}aplace transform},
   JOURNAL = {Ramanujan J.},
  FJOURNAL = {The Ramanujan Journal. An International Journal Devoted to the
              Areas of Mathematics Influenced by Ramanujan},
    VOLUME = {2},
      YEAR = {1998},
    NUMBER = {1-2},
     PAGES = {39--45},
}

@article {flajolet,
    AUTHOR = {Flajolet, Philippe and Gourdon, Xavier and Dumas, Philippe},
     TITLE = {Mellin transforms and asymptotics: harmonic sums},
   JOURNAL = {Theoret. Comput. Sci.},
  FJOURNAL = {Theoretical Computer Science},
    VOLUME = {144},
      YEAR = {1995},
    NUMBER = {1-2},
     PAGES = {3--58},
}


@incollection{miller,
	AUTHOR = {Stephen D. Miller and Wilfried Schmid},
	TITLE = {Summation formulas, from {P}oisson and {V}oronoi to the present},
	PAGES = {419--440},
	VOLUME = {220},
	SERIES = {Progress in Mathematics},
	YEAR = {2004},
	EDITOR = {Patrick Delorme and Mich\`ele Vergne},
	BOOKTITLE = {Noncommutative Harmonic Analysis: In Honor of Jacques Carmona},
	PUBLISHER = {Birkh\"auser},
}

@article{voronoiI,
	AUTHOR = {Vorono\"i, Georges},
	TITLE = {Sur une fonction transcendante et ses applications \`a la sommation
	de quelques s\'eries},
	JOURNAL = {Annales Scientifiques de l'\'Ecole Normale Sup\'erieure, troisi\`eme s\'erie},
	VOLUME = {21},
	YEAR = {1904},
	PAGES = {207--267},
}

@article{voronoiII,
	AUTHOR = {Vorono\"i, Georges},
	TITLE = {Sur une fonction transcendante et ses applications \`a la sommation
	de quelques s\'eries, seconde partie},
	JOURNAL = {Annales Scientifiques de l'\'Ecole Normale Sup\'erieure, troisi\`eme s\'erie},
	VOLUME = {21},
	YEAR = {1904},
	PAGES = {459--533},
}

@book{bourbaki,
	AUTHOR = {Bourbaki, Nicolas},
	TITLE = {Elements of Mathematics. {F}unctions of a Real Variable: {E}lementary Theory},
	PUBLISHER = {Springer},
	YEAR = {2004},
	NOTE = {Translated from the French by Philip Spain},
}

@article{dirichlet1838,
	AUTHOR = {Dirichlet, Gustav Lejeune},
	TITLE = {{\"Uber die Bestimmung asymptotischer Gesetze in der Zahlentheorie}},
	JOURNAL = {Bericht \"uber die Verhandlangen der K\"oniglich Preussischen Akademie der Wissenschaften},
	YEAR = {1838},
	NOTE = {Werke, Band I, pp.~351--356},
	PAGES = {13--15},
}

@book{milne,
	AUTHOR = {Milne-Thomson, L. M.},
	TITLE = {The calculus of finite differences},
	PUBLISHER = {Macmillan and Co.},
	YEAR = {1933},
	ADDRESS = {London},
}

@book{compendium,
	AUTHOR = {Schl\"omilch, Oskar},
	YEAR = {1874},
	TITLE = {{Compendium der h\"oheren Analysis, zweiter Band}},
	EDITION = {second},
	PUBLISHER = {Friedrich Vieweg und Sohn},
	ADDRESS = {Braunschweig},
}

@article{schlomilch1861,
	AUTHOR = {Schl\"omilch, Oskar},
	YEAR = {1861},
	VOLUME = {6},
	JOURNAL = {Zeitschrift f\"ur Mathematik und Physik},
	TITLE = {{Ueber die Lambert'sche Reihe}},
	PAGES = {407--415},
}

@article{landau,
	AUTHOR = {Landau, Edmund},
	TITLE = {{\"Uber die Wigertsche asymptotische Funktionalgleichung f\"ur die Lambertsche Reihe}},
	JOURNAL = {Archiv der Mathematik und Physik, 3. Reihe},
	VOLUME = {27},
	YEAR = {1918},
	PAGES = {144--146},
	NOTE = {Collected Works, volume 7, pp.~135--137},
}

@book{stein,
	AUTHOR = {Stein, Elias M. and Shakarchi, Rami},
	PUBLISHER = {Princeton University Press},
	YEAR = {2011},
	TITLE = {Functional Analysis},
	SERIES = {Princeton Lectures in Analysis},
	VOLUME = {IV},
}

@book{ivic,
	TITLE = {The {R}iemann Zeta-Function: Theory and Applications},
	AUTHOR = {Ivi\'c, Aleksandar},
	PUBLISHER = {Dover Publications},
	YEAR = {2003},
}

@book{cohen,
	AUTHOR = {Cohen, Henri},
	TITLE = {Number Theory, volume {II}: Analytic and Modern Tools},
	SERIES = {Graduate Texts in Mathematics},
	VOLUME = {240},
	PUBLISHER = {Springer},
	YEAR = {2007},
}

@article{fischer,
	TITLE = {Dirichlet's contributions to mathematical probability theory},
	AUTHOR = {Fischer, Hans},
	JOURNAL = {Historia Math.},
	VOLUME = {21},
	YEAR = {1994},
	PAGES = {39--63},
}

@article{wigert,
	AUTHOR = {Wigert, S.},
	JOURNAL = {Acta Math.},
	VOLUME = {41},
	YEAR = {1916},
	PAGES = {197--218},
	TITLE = {Sur la s\'erie de {L}ambert et son application \`a la th\'eorie des nombres},
}

@book{functions,
	AUTHOR = {Titchmarsh, E. C.},
	TITLE = {The theory of functions},
	YEAR = {2002},
	PUBLISHER = {Oxford University Press},
	EDITION = {second},
}

@book{zeta,
	AUTHOR = {Titchmarsh, E. C.},
	TITLE = {The theory of the {R}iemann zeta-function},
	EDITION = {second},
	PUBLISHER = {Clarendon Press},
	ADDRESS = {Oxford},
	YEAR = {1986},
}