@article{biermann,
AUTHOR = {Biermann, Kurt-R.},
TITLE = {{Iteratorik bei Leonhard Euler}},
JOURNAL = {Enseign. Math.},
VOLUME = {4},
YEAR = {1958},
PAGES = {19--24},
}

@article{hara,
AUTHOR = {Hara, Kokiti},
TITLE = {Pascal et l'induction math\'ematique},
JOURNAL = {Rev. Hist. Sci.},
VOLUME = {15},
NUMBER = {3},
YEAR = {1962},
PAGES = {287--302},
}

@book{bernoulli2,
	TITLE = {{Die Werke von Jakob Bernoulli, Band 2: Elementarmathematik}},
	EDITOR = {Fleckenstein, J. O. and Roero, C. S. and Speiser, D. and Viola, T.},
	PUBLISHER = {Birkh\"auser},
	YEAR = {1989},
}

@article{milton,
AUTHOR = {Milton, J. R.},
TITLE = {Induction before {H}ume},
JOURNAL = {Brit. J. Phil. Sci.},
VOLUME = {38},
YEAR = {1987},
PAGES = {49--74},
}

@incollection{eulerdsb,
	AUTHOR = {Adolf P. Ju{\v s}kevi{\v c}},
	TITLE = {{Euler, Leonhard}},
	PAGES = {467--484},
	EDITOR = {Charles Coulston Gillispie},
	BOOKTITLE = {Dictionary of Scientific Biography, volume IV: Richard
Dedekind -- Firmicus Maternus},
	PUBLISHER = {Charles Scribner's Sons},
	ADDRESS = {New York},
	YEAR = {1971},
}

@article{cajori,
	AUTHOR = {Cajori, Florian},
	TITLE = {Origin of the name ``mathematical induction''},
	JOURNAL = {Amer. Math. Monthly},
	PAGES = {197--201},
	VOLUME = {25},
	NUMBER = {5},
	YEAR = {1918},
}

@article{schneider1968,
	AUTHOR = {Schneider, Ivo},
	JOURNAL = {Arch. Hist. Exact Sci.},
	PAGES = {177--317},
	VOLUME = {5},
	NUMBER = {3--4},
	YEAR = {1968},
	TITLE = {{Der Mathematiker Abraham de Moivre (1667--1754)}},
}

@article{schneider,
AUTHOR = {Schneider, Ivo},
JOURNAL = {J. \'Electron. Hist. Probab. Stat.},
VOLUME = {2},
NUMBER = {1},
PAGES = {1--17},
YEAR = {2006},
TITLE = {{Direct and indirect influences of Jakob Bernoulli's {\em Ars
Conjectandi} in 18th century Great Britain}},
}

@book{weil,
	AUTHOR = {Weil, Andr\'e},
	TITLE = {Number Theory: An approach through history from {H}ammurapi to {L}egendre},
	PUBLISHER = {Birkh{\" a}user},
	YEAR = {1984},
}

@book{wallisIV,
	TITLE = {Correspondence of {J}ohn {W}allis (1616--1703), volume {IV} (1672--{A}pril 1675)},
	EDITOR = {Philip Beeley and Christoph J. Scriba},
	PUBLISHER = {Oxford University Press},
	YEAR = {2014},
}

@article{franklin,
AUTHOR = {Franklin, James},
TITLE = {Non-deductive logic in mathematics},
JOURNAL = {British Journal for the Philosophy of Science},
VOLUME = {38},
PAGES = {1--18},
YEAR = {1987},
}

@incollection{feferman,
	AUTHOR = {Solomon Feferman},
	PAGES = {309--327},
	YEAR = {1981},
	TITLE = {The logic of mathematical discovery vs. the logical structure of mathematics},
	BOOKTITLE = {Proceedings of the 1978 Biennial Meeting of the Philosophy of Science Association},
	EDITOR = {Peter D. Asquith and Ian Hacking},
	PUBLISHER = {Philosophy of Science Association},
	ADDRESS = {East Lansing, MI},
}

@article{E326,
	AUTHOR = {Euler, Leonhard},
	TITLE = {Observationes analyticae},
	JOURNAL = {Novi Commentarii academiae scientiarum Petropolitanae},
	PAGES = {124--143},
	VOLUME = {11},
	YEAR = {1767},
	NOTE = {Opera omnia I.15, pp.~50--69},
}

@article{gershon,
	YEAR = {1970},
	JOURNAL = {Arch. Hist. Exact Sci.},
	PAGES = {237--248},
	VOLUME = {6},
	NUMBER = {3},
	AUTHOR = {Nachum L. Rabinovitch},
	TITLE = {Rabbi {L}evi ben {G}ershon and the origins of mathematical induction},
}

@article {alkaraji,
    AUTHOR = {Rashed, Roshdi},
     TITLE = {L'induction math\'ematique: al-{K}araj\=\i, as-{S}amaw'al},
   JOURNAL = {Arch. History Exact Sci.},
  FJOURNAL = {Archive for History of Exact Sciences},
    VOLUME = {9},
      YEAR = {1972},
    NUMBER = {1},
     PAGES = {1--21},
}

@incollection {baker,
    AUTHOR = {Baker, Alan},
     TITLE = {Is there a problem of induction for mathematics?},
 BOOKTITLE = {Mathematical Knowledge},
 	EDITOR = {Mary Leng and Alexander Paseau and Michael Potter},
     PAGES = {59--73},
 PUBLISHER = {Oxford University Press},
      YEAR = {2007},
}

@article {steiner,
    AUTHOR = {Steiner, Mark},
     TITLE = {Mathematical explanation},
   JOURNAL = {Philos. Stud.},
  FJOURNAL = {Philosophical Studies},
    VOLUME = {34},
      YEAR = {1978},
    NUMBER = {2},
     PAGES = {135--151},
}

@article {acerbi,
    AUTHOR = {Acerbi, F.},
     TITLE = {Plato: {\it {P}armenides} 149a7-c3. {A} proof by complete
              induction?},
   JOURNAL = {Arch. Hist. Exact Sci.},
  FJOURNAL = {Archive for History of Exact Sciences},
    VOLUME = {55},
      YEAR = {2000},
    NUMBER = {1},
     PAGES = {57--76},
}

@article {felgner,
    AUTHOR = {Felgner, Ulrich},
     TITLE = {Das {I}nduktions-{P}rinzip},
   JOURNAL = {Jahresber. Dtsch. Math.-Ver.},
  FJOURNAL = {Jahresbericht der Deutschen Mathematiker-Vereinigung},
    VOLUME = {114},
      YEAR = {2012},
    NUMBER = {1},
     PAGES = {23--45},
}

@incollection {maurolico,
    AUTHOR = {Cassinet, Jean},
     TITLE = {The first arithmetic book of {F}rancisco {M}aurolico, written
              in 1557 and printed in 1575: a step towards a theory of
              numbers},
 BOOKTITLE = {Mathematics from Manuscript to Print. 1300--1600},
              EDITOR = {Cynthia Hay},
              SERIES = {Oxford Science Publications},
     PAGES = {162--179},
 PUBLISHER = {Oxford University Press},
      YEAR = {1988},
}

@book{stedall,
	AUTHOR = {Jaqueline A. Stedall},
	PUBLISHER = {Springer},
	SERIES = {Sources and Studies in the History of Mathematics and Physical Sciences},
	YEAR = {2004},
	TITLE = {The Arithmetic of Infinitesimals. {J}ohn {W}allis 1656},
}