@incollection{sesiano,
	AUTHOR = {Sesiano, Jacques},
	TITLE = {{Vergleiche zwischen unendlichen Mengen bei Nicolas Oresme}},
	PAGES = {361--378},
	BOOKTITLE = {Mathematische Probleme im Mittelalter: Der lateinische und arabische Sprachbereich},
	EDITOR = {Folkerts, Menso},
	YEAR = {1996},
	PUBLISHER = {Harrassowitz Verlag},
	ADDRESS = {Wiesbaden},
	SERIES = {Wolfenb\"utteler Mittelalter-Studien},
	VOLUME = {10},
}

@book{grant1974,
	EDITOR = {Grant, Edward},
	TITLE = {A Source Book in Medieval Science},
	YEAR = {1974},
	PUBLISHER = {Harvard University Press},
}

@book{lawn,
	AUTHOR = {Lawn, Brian},
	TITLE = {The Rise and Decline of the Scholastic `Quaestio Disputata': with Special Emphasis on Its Use in the Teaching of Medicine and Science},
	PUBLISHER = {E. J. Brill},
	YEAR = {1993},
}

@book{juschkewitsch,
	AUTHOR = {Juschkewitsch, A. P.},
	PUBLISHER = {Pfalz-Verlag},
	ADDRESS = {Basel},
	TITLE = {{Geschichte der Mathematik in Mittelalter}},
	YEAR = {1964},
	NOTE = {Translated from the Russian by Viktor Ziegler},
}

@book{greekI,
	AUTHOR = {Heath, T. L.},
	TITLE = {A History of {G}reek Mathematics, volume {I}},
	PUBLISHER = {Dover Publications},
	YEAR = {1981},
}

@book{wallace,
	AUTHOR = {Wallace, William A.},
	TITLE = {Causality and scientific explanation, volume 1},
	YEAR = {1972},
	PUBLISHER = {University of Michigan Press},
}

@incollection{murdoch1975,
	AUTHOR = {Murdoch, John E.},
	TITLE = {From Social into Intellectual Factors: An Aspect of the Unitary Character of Late Medieval Learning},
	BOOKTITLE = {The Cultural Context of Medieval Learning},
	SERIES = {Boston Studies in the Philosophy of Science},
	VOLUME = {26},
	YEAR = {1975},
	PAGES = {271--348},
	EDITOR = {Murdoch, John Emery and Sylla, Edith Dudley},
	PUBLISHER = {D. Reidel Publishing Company},
	ADDRESS = {Dordrecht},
}

@incollection{singleton,
	AUTHOR = {Clagett, Marshall},
	EDITOR = {Singleton, Charles S.},
	PUBLISHER = {Johns Hopkins Press},
	YEAR = {1967},
	PAGES = {275--303},
	TITLE = {Some novel trends in the science of the fourteenth century},
	BOOKTITLE = {Art, Science, and History in the Renaissance},
}

@book{boyer,
	AUTHOR = {Boyer, Carl B.},
	TITLE = {The History of the Calculus and Its Conceptual Development},
	PUBLISHER = {Dover Publications},
	YEAR = {1959},
}

@book{burton,
	TITLE = {{Nicole Oresme's {\em De Visione Stellarum}}},
	EDITOR = {Burton, Dan},
	PUBLISHER = {Brill},
	ADDRESS = {Leiden},
	YEAR = {2007},
	SERIES = {Medieval and Early Modern Science},
	VOLUME = {7},
}

@book{pedersen,
	AUTHOR = {Pedersen, Olaf},
	TITLE = {Early Physics and Astronomy: A Historical Introduction},
	PUBLISHER = {Cambridge University Press},
	YEAR = {1993},
}

@book{grant2001,
	AUTHOR = {Grant, Edward},
	TITLE = {God and Reason in the {M}iddle {A}ges},
	PUBLISHER = {Cambridge University Press},
	YEAR = {2001},
	CALL = {Robarts B738 .R42 G73},
}

@article{courtenay,
	AUTHOR = {Courtenay, William J.},
	TITLE = {The early career of {N}icole {O}resme},
	JOURNAL = {Isis},
	YEAR = {2000},
	VOLUME = {91},
	NUMBER = {3},
	PAGES = {542--548},
}

@book{busard2010,
	TITLE = {{Nicole Oresme, {\em Questiones super geometriam Euclidis}}},
	YEAR = {2010},
	EDITOR = {Busard, H. L. L.},
	PUBLISHER = {Franz Steiner Verlag},
	ADDRESS = {Stuttgart},
}

@book{campanus,
	TITLE = {{Campanus of {N}ovara and {E}uclid's {\em Elements}, volume I}},
	EDITOR = {Busard, H. L. L.},
	PUBLISHER = {Franz Steiner Verlag},
	ADDRESS = {Stuttgart},
	YEAR = {2005},
	CALL = {Math QA31.E87798},
}

@incollection{elkana,
	TITLE = {Philosophy and the Enterprise of Science in the Later {M}iddle {A}ges},
	AUTHOR = {Murdoch, John E.},
	BOOKTITLE = {The Interaction Between Science and Philosophy},
	YEAR = {1974},
	EDITOR = {Y. Elkana},
	PUBLISHER = {Humanities Press},
	ADDRESS = {Atlantic Highlands, NJ},
	PAGES = {51--74},
}

@incollection{murdoch1982,
	AUTHOR = {Murdoch, John E.},
	TITLE = {Infinity and continuity},
	PAGES = {564--592},
        BOOKTITLE = {The Cambridge History of Later Medieval Philosophy},
        EDITOR = {Kretzmann, Norman and Kenny, Anthony and Pinborg, Jan},
        PUBLISHER = {Cambridge University Press},
        YEAR = {1982},
}

@book{kirschner,
	TITLE = {{Nicolaus Oresmes Kommentar zur Physik des Aristoteles}},
	EDITOR = {Kirschner, Stefan},
	PUBLISHER = {Franz Steiner Verlag},
	ADDRESS = {Stuttgart},
	YEAR = {1997},
	SERIES = {Sudhoffs Archiv Beihefte},
	VOLUME = {39},
}

@book{proportionibus,
	EDITOR = {Grant, Edward},
	TITLE = {{Nicole Oresme, {\em De proportionibus proportionum} and {\em Ad pauca respicientes}}},
	YEAR = {1966},
	PUBLISHER = {University of Wisconsin Press},
	VOLUME = {8},
	SERIES = {University of Wisconsin Publications in Medieval Science},
}

@article{maieru,
	JOURNAL = {Archives Internationales d'Histoire des Sciences},
	AUTHOR = {Maier\`u, Luigi},
	TITLE = {{La teoria delle proporzioni nelle {\guillemotleft  Quaestiones super Geometriam Euclidis}\guillemotright di Nicole Oresme}},
	VOLUME = {40},
	NUMBER = {125},
	PAGES = {258--277},
	YEAR = {1990},
}

@article {gribaudo,
    AUTHOR = {Gribaudo, Luciana},
     TITLE = {La serie geometrica nell'opera {\it {Q}uaestiones super geometriam {E}uclidis}\ di {N}icole {O}resme},
   JOURNAL = {Rend. Sem. Mat. Univ. e Politec. Torino},
    VOLUME = {35},
      YEAR = {1976/77},
     PAGES = {147--158},
}

@article{wieleitner,
	AUTHOR = {Heinrich Wieleitner},
	TITLE = {{Zur Geschichte der unendlichen Reihen im christlichen Mittelalter}},
	PAGES = {150--168},
	JOURNAL = {Bibliotheca Mathematica, 3. Folge},
	VOLUME = {14},
	YEAR = {1913--1914},
}

@article {rommevaux,
    AUTHOR = {Rommevaux, Sabine},
     TITLE = {Un exemple de {\it {Q}uestion} math\'ematique au {M}oyen
              \^{A}ge},
   JOURNAL = {Ann. of Sci.},
  FJOURNAL = {Annals of Science},
    VOLUME = {63},
      YEAR = {2006},
    NUMBER = {4},
     PAGES = {425--445},
}

@article{mazet,
	AUTHOR = {Mazet, Edmond},
	JOURNAL = {Rev. Hist. Math.},
	VOLUME = {9},
	NUMBER = {1},
	YEAR = {2003},
	PAGES = {33--80},
	TITLE = {La th\'eorie des s\'eries de {N}icole {O}resme dans sa perspective
aristot\'elicienne. `{Q}uestions 1 et 2 sur la {G}\'eom\'etrie d'{E}uclide'},
}

@book{clagettV,
	AUTHOR = {Clagett, Marshall},
	TITLE = {Archimedes in the Middle Ages. {V}olume {V}: Quasi-{A}rchimedean Geometry in the Thirteenth Century},
	YEAR = {1984},
	PUBLISHER = {American Philosophical Society},
	ADDRESS = {Philadelphia},
	CALL = {St. Mike's QA31 .A6896},
}

@article{murdoch1964,
	YEAR = {1964},
	TITLE = {{Review of {\em Nicole Oresme, Quaestiones super geometriam Euclidis}, edited by H. L. L. Busard}},
	VOLUME = {27},
	JOURNAL = {Scripta Mathematica},
	NUMBER = {1},
	PAGES = {67--91},
	AUTHOR = {Murdoch, John E.},
}

@incollection{dictionary,
	AUTHOR = {Clagett, Marshall},
	TITLE = {Nicole {O}resme},
        BOOKTITLE = {Dictionary of Scientific Biography, Volume 10: S. G. Navashin--W. Piso},
	EDITOR = {Charles Coulston Gillispie},
	YEAR = {1970},
	PAGES = {223--230},
        PUBLISHER = {Charles Scribner's Sons},
        ADDRESS = {New York},
}

@book{clagett1968,
        AUTHOR = {Clagett, Marshall},
	TITLE = {{Nicole Oresme and the medieval geometry of qualities and motions: A treatise on the uniformity and difformity of intensities known as {\em Tractatus 
	de configurationibus qualitatum et motuum}}},
	YEAR = {1968},
	PUBLISHER = {University of Wisconsin Press},
	SERIES = {University of Wisconsin Publications in Medieval Science},
	VOLUME = {12},
}

@incollection{kenny,
	AUTHOR = {Anthony Kenny and Jan Pinborg},
	TITLE = {Medieval philosophical literature},
	PAGES = {9--42},
        BOOKTITLE = {The Cambridge History of Later Medieval Philosophy},
        EDITOR = {Kretzmann, Norman and Kenny, Anthony and
Pinborg, Jan},
        PUBLISHER = {Cambridge University Press},
        YEAR = {1982},
}
