@book{simon,
	AUTHOR = {Simon, Barry},
	TITLE = {The statistical mechanics of lattice gases},
	VOLUME = {I},
	PUBLISHER = {Princeton University Press},
	YEAR = {1993},
}

@article{kadanoff,
	AUTHOR = {Kadanoff, Leo P.},
	TITLE = {More is the Same; Phase Transitions and Mean Field Theories},
	JOURNAL = {J. Stat. Phys.},
	YEAR = {2009},
	VOLUME = {137},
	PAGES = {777--797},
}

@book{minlos,
	AUTHOR = {Minlos, R. A},
	TITLE = {Introduction to mathematical statistical physics},
	SERIES = {University Lecture Series},
	VOLUME = {19},
	PUBLISHER = {American Mathematical Society},
	ADDRESS = {Providence, R.I.},
	YEAR = {2000},
}

@misc{ny,
   author = {{Le Ny}, Arnaud},
    title = "{Introduction to (generalized) Gibbs measures}",
NOTE = {arXiv:0712.1171 },
     year = 2007,
}

@article {MR936054,
    AUTHOR = {Cipra, Barry A.},
     TITLE = {An introduction to the {I}sing model},
   JOURNAL = {Amer. Math. Monthly},
  FJOURNAL = {The American Mathematical Monthly},
    VOLUME = {94},
      YEAR = {1987},
    NUMBER = {10},
     PAGES = {937--959},
      ISSN = {0002-9890},
     CODEN = {AMMYAE},
   MRCLASS = {82-01 (82A68)},
MRREVIEWER = {Peter J. Forrester},
       DOI = {10.2307/2322600},
       URL = {http://dx.doi.org/10.2307/2322600},
}

@book {MR691854,
    AUTHOR = {Sinai, Ya. G.},
     TITLE = {Theory of phase transitions: rigorous results},
      NOTE = {Translated from the Russian},
       PUBLISHER = {Pergamon Press},
   ADDRESS = {Oxford},
      YEAR = {1982},
     PAGES = {viii+150},
      ISBN = {0-08-026469-7},
   MRCLASS = {82-02 (60K35 82A05 82A25)},
MRREVIEWER = {Gunduz Caginalp},
}