@article{gallavotti,
	TITLE = {Quasi periodic motions from {H}ipparchus to {K}olmogorov},
	AUTHOR = {Gallavotti, Giovanni},
	PAGES = {125--152},
	VOLUME = {12},
	NUMBER = {2},
	YEAR = {2001},
	JOURNAL = {Atti della Accademia Nazionale dei Lincei. Classe di Scienze Fisiche, Matematiche e Naturali. Rendiconti Lincei. Matematica e Applicazioni},
}

@book{arnold,
	AUTHOR = {Arnold, V. I.},
	TITLE = {Mathematical Methods of Classical Mechanics},
	EDITION = {Second},
	PUBLISHER = {Springer},
	YEAR = {1989},
	SERIES = {Graduate Texts in Mathematics},
	VOLUME = {60},
}

@book{wiggins,
	AUTHOR = {Wiggins, Stephen},
	TITLE = {Introduction to applied nonlinear dynamical systems and chaos},
	SERIES = {Texts in Applied Mathematics},
	VOLUME = {2},
	EDITION = {second},
	PUBLISHER = {Springer},
	YEAR = {2003},
}	

@article {MR2026200,
    AUTHOR = {Hubbard, John and Ilyashenko, Yulij},
     TITLE = {A proof of {K}olmogorov's theorem},
   JOURNAL = {Discrete Contin. Dyn. Syst.},
  FJOURNAL = {Discrete and Continuous Dynamical Systems. Series A},
    VOLUME = {10},
      YEAR = {2004},
    NUMBER = {1-2},
     PAGES = {367--385},
      ISSN = {1078-0947},
   MRCLASS = {37J40 (70H08)},
MRREVIEWER = {Dario Bambusi},
       DOI = {10.3934/dcds.2004.10.367},
       URL = {http://dx.doi.org/10.3934/dcds.2004.10.367},
}


@book{foundations,
	AUTHOR = {Abraham, Ralph and Marsden, Jerrold E.},
	TITLE = {Foundations of Mechanics},
	EDITION = {Second},
	PUBLISHER = {AMS Chelsea Publishing},
	ADDRESS = {Providence, Rhode Island},
	YEAR = {2008},
}

@book {MR2445243,
    AUTHOR = {Hardy, G. H. and Wright, E. M.},
     TITLE = {An introduction to the theory of numbers},
   EDITION = {Sixth},
 PUBLISHER = {Oxford University Press},
      YEAR = {2008},
     PAGES = {xxii+621},
      ISBN = {978-0-19-921986-5},
   MRCLASS = {11-01},
}

@incollection{poeschel,
	AUTHOR = {P\"oschel, J\"urgen},
	TITLE = {A lecture on the classical {KAM} theorem},
	PAGES = {707--732},
	BOOKTITLE = {Smooth Ergodic Theory and Its Applications},
	EDITOR = {Anatole Katok and Rafael de la Llave and Yakov Pesin and Howard Weiss},
	YEAR = {2001},
	VOLUME = {69},
	SERIES = {Proceedings of Symposia in Pure Mathematics},
	PUBLISHER = {American Mathematical Society},
	ADDRESS = {Providence, Rhode Island},
}

@book{treschev,
	AUTHOR = {Dmitry Treschev and Oleg Zubelevich},
	TITLE = {Introduction to the Perturbation Theory of {H}amiltonian Systems},
	PUBLISHER = {Springer},
	SERIES = {Springer Monographs in Mathematics},
	YEAR = {2010},
}

@article {MR840631,
    AUTHOR = {Ball, Keith},
     TITLE = {Cube slicing in {${\bf R}^n$}},
   JOURNAL = {Proc. Amer. Math. Soc.},
  FJOURNAL = {Proceedings of the American Mathematical Society},
    VOLUME = {97},
      YEAR = {1986},
    NUMBER = {3},
     PAGES = {465--473},
      ISSN = {0002-9939},
     CODEN = {PAMYAR},
   MRCLASS = {60E15 (52A22 52A40 60D05)},
MRREVIEWER = {Jeffrey D. Vaaler},
       DOI = {10.2307/2046239},
       URL = {http://dx.doi.org/10.2307/2046239},
}
		
