@book{paris,
	AUTHOR = {Hofmann, Joseph E.},
	TITLE = {Leibniz in {P}aris 1672--1676: his growth to mathematical
maturity},
	PUBLISHER = {Cambridge University Press},
	YEAR = {1974},
	NOTE = {Translated from the German by A. Prag and D. T. Whiteside},
}

@incollection{runge,
	AUTHOR = {Runge, C. and Willers, Fr. A.},
	TITLE = {{Numerische und graphische Quadratur und Integration gew\"ohnlicher partieller
	Differentialgleichungen}},
	PAGES = {47--176},
	EDITOR = {H. Burkhardt and M. Wirtinger and R. Fricke and E. Hilb},
        BOOKTITLE = {Encyklop\"adie der Mathematischen Wissenschaften mit Einschluss ihrer Anwendungen, Band II, 3. Teil, 1. H\"alfte},
	YEAR = {1909--1921},
	PUBLISHER = {B. G. Teubner},
	ADDRESS = {Leipzig},
}

@book{kress,
	TITLE = {Numerical Analysis},
	AUTHOR = {Raimer Kress},
	PUBLISHER = {Springer},
	SERIES = {Graduate Texts in Mathematics},
	VOLUME = {181},
	YEAR = {1998},
}

@book{cotes,
	TITLE = {Roger {C}otes, Natural Philosopher},
	AUTHOR = {Ronald Gowing},
	YEAR = {1983},
	PUBLISHER = {Cambridge University Press},
}

@book{bellhouse,
	AUTHOR = {Bellhouse, David R.},
	TITLE = {Abraham {D}e {M}oivre: setting the stage for classical probability and its applications},
	PUBLISHER = {CRC Press},
	YEAR = {2011},
}

@book{whitesideVIII,
	EDITOR = {Whiteside, D. T.},
	TITLE = {The mathematical papers of {I}saac {N}ewton, volume {VIII}: 1697--1722},
	PUBLISHER = {Cambridge University Press},
	YEAR = {1981},
}

@book{whitesideIV,
        EDITOR = {Whiteside, D. T.},
        TITLE = {The mathematical papers of {I}saac {N}ewton, volume {IV}: 1674--1684},
        PUBLISHER = {Cambridge University Press},
        YEAR = {1971},
}

@article{apostol,
	AUTHOR = {Apostol, Tom M.},
	TITLE = {An elementary view of {E}uler's summation formula},
	JOURNAL = {Amer. Math. Monthly},
	VOLUME = {106},
	NUMBER = {5},
	YEAR = {1999},
	PAGES = {409--418},
}

@book{jordan,
	AUTHOR = {Jordan, Charles},
	EDITION = {third},
	TITLE = {Calculus of finite differences},
	PUBLISHER = {Chelsea Publishing Company},
	YEAR = {1965},
}

@book{whittaker,
	AUTHOR = {Whittaker, E. T. and Robinson, G.},
	TITLE = {The calculus of observations: a treatise on numerical mathematics},
	YEAR = {1924},
	PUBLISHER = {Blackie and Son},
	ADDRESS = {London},
}

@book{hildebrand,
	TITLE = {Introduction to Numerical Analysis},
	EDITION = {second},
	YEAR = {1987},
	PUBLISHER = {Dover Publications},
	AUTHOR = {F. B. Hildebrand},
}

@book{multiplicative,
	AUTHOR = {Montgomery, Hugh L. and Vaughan, Robert C.},
	TITLE = {Multiplicative Number Theory {I}: Classical Theory},
	PUBLISHER = {Cambridge University Press},
	YEAR = {2007},
	SERIES = {Cambridge Studies in Advanced Mathematics},
	VOLUME = {97},	
}

@article {schneider,
    AUTHOR = {Schneider, Ivo},
     TITLE = {Der {M}athematiker {A}braham de {M}oivre (1667--1754)},
   JOURNAL = {Arch. History Exact Sci.},
    VOLUME = {5},
      YEAR = {1968},
    NUMBER = {3-4},
     PAGES = {177--317},
}

@article {sorenson,
    AUTHOR = {S{\o}rensen, Henrik Kragh},
     TITLE = {Throwing some light on the vast darkness that is analysis:
              {N}iels {H}enrik {A}bel's critical revision and the concept of
              absolute convergence},
   JOURNAL = {Centaurus},
    VOLUME = {52},
      YEAR = {2010},
    NUMBER = {1},
     PAGES = {38--72},
}

@article {arnold,
    AUTHOR = {Arnold, D. H.},
     TITLE = {The m\'ecanique physique of {S}im\'eon {D}enis {P}oisson: the
              evolution and isolation in {F}rance of his approach to
              physical theory (1800--1840). {X}. {S}ome perspective on
              {P}oisson's contributions to the emergence of mathematical
              physics},
   JOURNAL = {Arch. Hist. Exact Sci.},
    VOLUME = {29},
      YEAR = {1984},
    NUMBER = {4},
     PAGES = {287--307},
}

@article {dutka1996,
    AUTHOR = {Dutka, Jacques},
     TITLE = {On the summation of some divergent series of {E}uler and the
              zeta functions},
   JOURNAL = {Arch. Hist. Exact Sci.},
    VOLUME = {50},
      YEAR = {1996},
    NUMBER = {2},
     PAGES = {187--200},
}

@book{kolmogorov,
	TITLE = {Mathematics of the 19th Century, volume 3},
	EDITOR = {A. N. Kolmogorov and A. P. Yushkevich},
	PUBLISHER = {Birkh\"auser},
	YEAR = {1998},
}

@book{goldstine,
	AUTHOR = {Goldstine, Herman H.},
	TITLE = {A history of numerical analysis from the 16th through the 19th
century},
	SERIES = {Studies in the History of Mathematics and Physical Sciences},
	VOLUME = {2},
	YEAR = {1977},
	PUBLISHER = {Springer},
}

@article{ferraro1998,
	AUTHOR = {Ferraro, Giovanni},
	TITLE = {Some Aspects of {E}uler's Theory of Series: Inexplicable
Functions and the {E}uler-{M}aclaurin Summation Formula},
	JOURNAL = {Historia Math.},
	YEAR = {1998},
	VOLUME = {25},
	NUMBER = {3},
	PAGES = {290--317},
}

@book{domingues,
	AUTHOR = {Domingues, Jo\~{a}o Caramalho},
	PUBLISHER = {Birkh\"auser},
	SERIES = {Science Network Historical Studies},
	VOLUME = {35},
	YEAR = {2008},
	TITLE = {Lacroix and the Calculus},
}

@book{boole,
	AUTHOR = {Boole, George},
	TITLE = {A treatise on the calculus of finite differences},
	EDITION = {third},
	PUBLISHER = {Macmillan},
	ADDRESS = {London},
	YEAR = {1880},
}

@book{milne,
	AUTHOR = {Milne-Thomson, L. M.},
	TITLE = {The calculus of finite differences},
	PUBLISHER = {AMS Chelsea Publishing},
	ADDRESS = {Providence, RI},
	YEAR = {2000},
	EDITION = {second},
}
	
@book{knuth,
	AUTHOR = {Knuth, Donald E.},
	TITLE = {The Art of Computer Programming, vol. {I}: Fundamental algorithms},
	YEAR = {1997},
	EDITION = {third},
	PUBLISHER = {Addison-Wesley},
}

@book{CLT,
	TITLE = {The Life and Times of the Central Limit Theorem},
	AUTHOR = {Adams, William J.},
	PUBLISHER = {American Mathematical Society},
	YEAR = {2009},
	ADDRESS = {Providence, RI},
	SERIES = {History of Mathematics},
	VOLUME = {35},
	EDITION = {second},
}

@book{pearson,
	TITLE = {The history of statistics in the 17th and 18th centuries against the changing background of intellectual, scientific and religious thought},
	AUTHOR = {Karl Pearson},
	PUBLISHER = {Macmillan},
	YEAR = {1978},
}

@book{todhunter,
	AUTHOR = {Todhunter, Isaac},
	TITLE = {A History of the Mathematical Theory of Probability: From the Time of {P}ascal to that of {L}aplace},
	ADDRESS = {Cambridge and London},
	PUBLISHER = {Macmillan},
	YEAR = {1865},
}

@article {petrova,
    AUTHOR = {Petrova, S. S.},
     TITLE = {Euler-{M}aclaurin's summation formula, and asymptotic series},
   JOURNAL = {Istor. Metodol. Estestv. Nauk},
  FJOURNAL = {Istoriya i Metodologiya Estestvennykh Nauk},
    NUMBER = {36},
      YEAR = {1989},
     PAGES = {103--108},
}

@article {sheynin,
    AUTHOR = {Sheynin, O. B.},
     TITLE = {S. {D}. {P}oisson's work in probability},
   JOURNAL = {Arch. History Exact Sci.},
    VOLUME = {18},
      YEAR = {1977/78},
    NUMBER = {3},
     PAGES = {245--300},
}

@article {dutka1991,
    AUTHOR = {Dutka, Jacques},
     TITLE = {The early history of the factorial function},
   JOURNAL = {Arch. Hist. Exact Sci.},
    VOLUME = {43},
      YEAR = {1991},
    NUMBER = {3},
     PAGES = {225--249},
}

@article {gusev,
    AUTHOR = {Gusev, A. N.},
     TITLE = {The derivation of the summation formula in {E}uler's writings},
   JOURNAL = {Jaroslav. Gos. Ped. Inst. U\v cen. Zap. Vyp.},
    VOLUME = {60},
      YEAR = {1968},
     PAGES = {50--54},
}

@article {jeffreys,
    AUTHOR = {Jeffreys, Harold},
     TITLE = {Asymptotic approximations and notation},
   JOURNAL = {Bull. Inst. Math. Appl.},
  FJOURNAL = {Bulletin of the Institute of Mathematics and its Applications},
    VOLUME = {10},
      YEAR = {1974},
    NUMBER = {9-10},
     PAGES = {334--339},
}

@article {cirikov,
    AUTHOR = {{\v{C}}irikov, M. V.},
     TITLE = {Sur l'histoire des s\'eries asymptotiques},
   JOURNAL = {Istor.-Mat. Issled.},
  FJOURNAL = {Istoriko-Matematicheskie Issledovaniya},
    VOLUME = {13},
      YEAR = {1960},
     PAGES = {441--472},
}

@incollection {lihin,
    AUTHOR = {Lihin, V. V.},
     TITLE = {First investigations in the theory of summation of functions},
 BOOKTITLE = {History {M}ethodology {N}atur. {S}ci., {N}o. {V}, {M}ath.
              ({R}ussian)},
     PAGES = {219--227},
 PUBLISHER = {Izdat. Moskov. Univ.},
   ADDRESS = {Moscow},
      YEAR = {1966},
}

@article {dutka1984,
    AUTHOR = {Dutka, Jacques},
     TITLE = {The early history of the hypergeometric function},
   JOURNAL = {Arch. Hist. Exact Sci.},
  FJOURNAL = {Archive for History of Exact Sciences},
    VOLUME = {31},
      YEAR = {1984},
    NUMBER = {1},
     PAGES = {15--34},
}

@book {varadarajan,
    AUTHOR = {Varadarajan, V. S.},
     TITLE = {Euler through time: a new look at old themes},
 PUBLISHER = {American Mathematical Society},
   ADDRESS = {Providence, RI},
      YEAR = {2006},
}

@article{gould,
	TITLE = {Euler's formula for $n$th Differences of Powers},
	AUTHOR = {H. W. Gould},
	JOURNAL = {Amer. Math. Monthly},
	VOLUME = {85},
	NUMBER = {6},
	PAGES = {450--467},
	YEAR = {1978},
}

@book {tweddle2007,
    AUTHOR = {Tweddle, Ian},
     TITLE = {Mac{L}aurin's physical dissertations},
    SERIES = {Sources and Studies in the History of Mathematics and Physical
              Sciences},
 PUBLISHER = {Springer},
      YEAR = {2007},
}

@book{ferraro2008,
	AUTHOR = {Ferraro, Giovanni},
	TITLE = {The Rise and Development of the Theory of Series up to the Early 1820s},
	PUBLISHER = {Springer},
	SERIES = {Sources and Studies in the History of Mathematics and Physical Sciences},
	YEAR = {2008},
}

@article {ferraro1999,
    AUTHOR = {Ferraro, Giovanni},
     TITLE = {The first modern definition of the sum of a divergent series:
              an aspect of the rise of 20th century mathematics},
   JOURNAL = {Arch. Hist. Exact Sci.},
    VOLUME = {54},
      YEAR = {1999},
    NUMBER = {2},
     PAGES = {101--135},
}

@article {tweddle1992,
    AUTHOR = {Tweddle, Ian},
     TITLE = {James {S}tirling's early work on acceleration of convergence},
   JOURNAL = {Arch. Hist. Exact Sci.},
    VOLUME = {45},
      YEAR = {1992},
    NUMBER = {2},
     PAGES = {105--125},
}

@book {tweddle1988,
    AUTHOR = {Tweddle, Ian},
     TITLE = {James {S}tirling},
      NOTE = {``This about series and such things''},
 PUBLISHER = {Scottish Academic Press},
   ADDRESS = {Edinburgh},
      YEAR = {1988},
}

@book {tweddle2003,
    AUTHOR = {Tweddle, Ian},
     TITLE = {James {S}tirling's {\it {M}ethodus differentialis}: An annotated translation of {S}tirling's text},
    SERIES = {Sources and Studies in the History of Mathematics and Physical
              Sciences},
 PUBLISHER = {Springer},
      YEAR = {2003},
}

@book{I9,
	EDITOR = {Speiser, Andreas},
	TITLE = {Leonhardi Euleri Opera omnia. Series prima, volumen nonum: Introductio in analysin
	infinitorum, tomus secundus},
	PUBLISHER = {Orell F\"ussli},
	ADDRESS = {Z\"urich},
	YEAR = {1945},
}

@article{ostrowski,
	TITLE = {On the remainder term of the {E}uler-{M}aclaurin Formula},
	AUTHOR = {Ostrowski, Alexander},
	JOURNAL = {J. Reine Angew. Math.},
	VOLUME = {239/240},
	YEAR = {1969},
	PAGES = {268--286},
}

@article{dale,
	AUTHOR = {Dale, Andrew I.},
	TITLE = {{T}homas {B}ayes's work on infinite series},
	JOURNAL = {Historia Math.},
	VOLUME = {18},
	NUMBER = {4},
	YEAR = {1991},
	PAGES = {312--327},
}

@book {dale2003,
    AUTHOR = {Dale, Andrew I.},
     TITLE = {Most honourable remembrance: The life and work of {T}homas {B}ayes},
    SERIES = {Sources and Studies in the History of Mathematics and Physical Sciences},
 PUBLISHER = {Springer},
      YEAR = {2003},
}

@book{commerciumII,
	EDITOR = {Fellmann, E. A. and Mikhajlov, G. K.},
	TITLE = {Leonhardi {E}uleri {O}pera omnia. {S}eries quarta {A}:
{C}ommercium epistolicum. {V}olumen secundum: {B}riefwechsel von {L}eonhard {E}uler mit {J}ohann {I} {B}ernoulli und {N}iklaus {I} {B}ernoulli},
	YEAR = {1998},
	PUBLISHER  = {Birkh\"auser},
	ADDRESS = {Basel},
}

@book {estrada,
    AUTHOR = {Estrada, Ricardo and Kanwal, Ram P.},
     TITLE = {A distributional approach to asymptotics: Theory and applications},
   EDITION = {second},
 PUBLISHER = {Birkh\"auser},
      YEAR = {2002},
}

@article{stackel,
	TITLE = {{Eine vergessene Abhandlung Leonhard Eulers \"uber die Summe der reziproken Quadrate der nat\"urlichen Zahlen}},
	AUTHOR = {St\"ackel, Paul},
	JOURNAL = {Bibliotheca mathematica, 3. Folge},
	YEAR = {1907},
	VOLUME = {8},
	PAGES = {37--60},
}

@book {bourbaki,
    AUTHOR = {Bourbaki, Nicolas},
     TITLE = {Elements of Mathematics: Functions of a Real Variable, Elementary Theory},
      NOTE = {Translated from the French by Philip Spain},
 PUBLISHER = {Springer},
      YEAR = {2004},
}

@incollection {pengelley,
    AUTHOR = {Pengelley, David J.},
     TITLE = {Dances between continuous and discrete: {E}uler's summation
              formula},
 BOOKTITLE = {Euler at 300},
    SERIES = {MAA Spectrum},
     PAGES = {169--189},
 PUBLISHER = {Mathematical Association of America},
   ADDRESS = {Washington, DC},
      YEAR = {2007},
}

@article {MR0085983,
    AUTHOR = {Hofmann, Jos. E.},
     TITLE = {Zur {E}ntwicklungsgeschichte der {E}ulerschen {S}ummenformel},
   JOURNAL = {Math. Z.},
  FJOURNAL = {Mathematische Zeitschrift},
    VOLUME = {67},
      YEAR = {1957},
     PAGES = {139--146},
      ISSN = {0025-5874},
   MRCLASS = {01.0X},
  MRNUMBER = {0085983 (19,108a)},
}

@article {MR885530,
    AUTHOR = {Fellmann, Emil A.},
     TITLE = {Infinite series in the correspondence of {L}eonhard {E}uler
              and {J}ohn {I} {B}ernoulli},
   JOURNAL = {Bull. Soc. Math. Belg. S\'er. A},
  FJOURNAL = {Bulletin de la Soci\'et\'e Math\'ematique de Belgique. S\'erie
              A},
    VOLUME = {38},
      YEAR = {1986},
     PAGES = {191--200 (1987)},
      ISSN = {0037-9476},
     CODEN = {BMBEAC},
   MRCLASS = {01A50 (40-03)},
  MRNUMBER = {885530 (88f:01011)},
MRREVIEWER = {E. J. Barbeau},
}

@article {MR795457,
    AUTHOR = {Mills, Stella},
     TITLE = {The independent derivations by {L}eonhard {E}uler and {C}olin
              {M}aclaurin of the {E}uler-{M}aclaurin summation formula},
   JOURNAL = {Arch. Hist. Exact Sci.},
  FJOURNAL = {Archive for History of Exact Sciences},
    VOLUME = {33},
      YEAR = {1985},
    NUMBER = {1-3},
     PAGES = {1--13},
}

@article {MR728819,
    AUTHOR = {Arnold, D. H.},
     TITLE = {The m\'ecanique physique of {S}im\'eon {D}enis {P}oisson: the
              evolution and isolation in {F}rance of his approach to
              physical theory (1800--1840). {VIII}. {A}pplications of the
              m\'ecanique physique},
   JOURNAL = {Arch. Hist. Exact Sci.},
    VOLUME = {29},
      YEAR = {1983},
    NUMBER = {1},
     PAGES = {53--72},
}

@article {MR728820,
    AUTHOR = {Arnold, D. H.},
     TITLE = {The m\'ecanique physique of {S}im\'eon {D}enis {P}oisson: the
              evolution and isolation in {F}rance of his approach to
              physical theory (1800--1840). {IX}. {P}oisson's closing
              synthesis: trait\'e de physique math\'ematique},
   JOURNAL = {Arch. Hist. Exact Sci.},
    VOLUME = {29},
      YEAR = {1983},
    NUMBER = {1},
     PAGES = {73--94},
}

@article {MR704406,
    AUTHOR = {Golovinski{\u\i}, I. A.},
     TITLE = {The {E}uler-{B}oole summation formula},
   JOURNAL = {Istor.-Mat. Issled.},
  FJOURNAL = {Istoriko-Matematicheskie Issledovaniya},
    NUMBER = {26},
      YEAR = {1982},
     PAGES = {52--91},
      ISSN = {0136-0949},
     CODEN = {IMAIAS},
   MRCLASS = {01A50 (01A55 40-03)},
  MRNUMBER = {704406 (84k:01029)},
MRREVIEWER = {E. Stipani{\'c}},
}

@book {roy,
    AUTHOR = {Roy, Ranjan},
     TITLE = {Sources in the development of mathematics},
      NOTE = {Infinite series and products from the fifteenth to the
              twenty-first century},
 PUBLISHER = {Cambridge University Press},
   ADDRESS = {Cambridge},
      YEAR = {2011},
     PAGES = {xx+974},
      ISBN = {978-0-521-11470-7},
   MRCLASS = {01A05 (40-03)},
  MRNUMBER = {2807493 (2012f:01002)},
MRREVIEWER = {Mehdi Hassani},
}

@incollection {langton,
    AUTHOR = {Langton, Stacy G.},
     TITLE = {Some combinatorics in {J}acob {B}ernoulli's {\it {A}rs
              conjectandi}},
 BOOKTITLE = {Euler at 300},
    SERIES = {MAA Spectrum},
     PAGES = {191--202},
 PUBLISHER = {Mathematical Association of America},
   ADDRESS = {Washington, DC},
      YEAR = {2007},
}

@article {varadarajan2007,
    AUTHOR = {Varadarajan, V. S.},
     TITLE = {Euler and his work on infinite series},
   JOURNAL = {Bull. Amer. Math. Soc. (N.S.)},
    VOLUME = {44},
      YEAR = {2007},
    NUMBER = {4},
     PAGES = {515--539},
}

@book {havil,
    AUTHOR = {Havil, Julian},
     TITLE = {Gamma: exploring {E}uler's constant},
 PUBLISHER = {Princeton University Press},
      YEAR = {2003},
}

@article {MR1447973,
    AUTHOR = {Grabiner, Judith V.},
     TITLE = {Was {N}ewton's calculus a dead end? {T}he continental
              influence of {M}aclaurin's treatise of fluxions},
   JOURNAL = {Amer. Math. Monthly},
  FJOURNAL = {The American Mathematical Monthly},
    VOLUME = {104},
      YEAR = {1997},
    NUMBER = {5},
     PAGES = {393--410},
}

@article {MR0257441,
    AUTHOR = {Ostrowski, Alexander},
     TITLE = {Note on {P}oisson's treatment of the {E}uler-{M}aclaurin
              formula},
   JOURNAL = {Comment. Math. Helv.},
  FJOURNAL = {Commentarii Mathematici Helvetici},
    VOLUME = {44},
      YEAR = {1969},
     PAGES = {202--206},
}
