@book{coolidge,
	AUTHOR = {Coolidge, Julian Lowell},
	TITLE = {A history of geometrical methods},
	YEAR = {1963},
	PUBLISHER = {Dover Publications},
}

@article{ferzola,
	AUTHOR = {Ferzola, Anthony P.},
	TITLE = {Euler and differentials},
	JOURNAL = {College Mathematics Journal},
	VOLUME = {25},
	NUMBER = {2},
	YEAR = {1994},
	PAGES = {102--111},
}

@book{hairer,
	EDITION = {second},
	PUBLISHER = {Springer},
	TITLE = {Solving Ordinary Differential Equations {I}: Nonstiff Problems},	
	AUTHOR = {Ernst Hairer and Syvert P. N{\o}rsett and Gerhard Wanner},
	YEAR = {2008},
}

@book{vorlesungen,
	EDITOR = {Clebsch, A.},
	YEAR = {1884},
	PUBLISHER = {G. Reimer},
	ADDRESS = {Berlin},
	EDITION = {second},
	TITLE = {{C. G. J. Jacobi's Vorlesungen \"uber Dynamik}},
}

@book{stackel,
	AUTHOR = {Jacobi, C. G. J.},
	TITLE = {Ueber die {F}unctionaldeterminanten},
	YEAR = {1896},
	ADDRESS = {Leipzig},
	PUBLISHER = {Wilhelm Engelmann},
	SERIES = {Ostwald's Klassiker der exakten Wissenschaften},
	NUMBER = {78},
}

@book{prasolov,
	TITLE = {Problems and Theorems in Linear Algebra},
	AUTHOR = {Prasolov, V. V.},
	YEAR = {1994},
	SERIES = {Translations of Mathematical Monographs},
	VOLUME = {134},
	PUBLISHER = {American Mathematical Society},
	NOTE = {Translated from the Russian by D. A. Leites},
}

@article{hawkins1975,
	AUTHOR = {Hawkins, Thomas},
	TITLE = {Cauchy and the spectral theory of matrices},
	JOURNAL = {Historia Math.},
	VOLUME = {2},
	YEAR = {1975},
	PAGES = {1--29},
}
	
@book{emergence,
	TITLE = {Emergence of the Theory of {L}ie Groups: An Essay in the History of Mathematics 1869--1926},
	AUTHOR = {Hawkins, Thomas},
	SERIES = {Sources and Studies in the History of Mathematics and Physical Sciences},
	PUBLISHER = {Springer},
	YEAR = {2000},
}

@book{ratcliffe,
	AUTHOR = {Ratcliffe, John G.},
	TITLE = {Foundations of hyperbolic manifolds},
	EDITION = {second},
	SERIES = {Graduate Texts in Mathematics},
	VOLUME = {149},
	YEAR = {2006},
	PUBLISHER = {Springer},
}

@book{crowe,
	AUTHOR = {Crowe, Michael J.},
	TITLE = {A History of Vector Analysis: The Evolution of the Idea of a Vectorial System},
	PUBLISHER = {Dover Publications},
	YEAR = {2011},
}

@article{fearnley-sander,
	AUTHOR = {Fearnley-Sander, Desmond},
	TITLE = {{H}ermann {G}rassmann and the creation of linear algebra},
	JOURNAL = {Amer. Math. Monthly},
	VOLUME = {86},
	NUMBER = {10},
	PAGES = {809--817},
	YEAR = {1979},
}

@incollection {knobloch,
    AUTHOR = {Knobloch, Eberhard},
     TITLE = {From {G}auss to {W}eierstrass: determinant theory and its
              historical evaluations},
 BOOKTITLE = {The Intersection of History and Mathematics},
    SERIES = {Science Networks. Historical Studies},
    VOLUME = {15},
     PAGES = {51--66},
 PUBLISHER = {Birkh\"auser},
      YEAR = {1994},
	EDITOR = {Sasaki Chikara and Sugiura Mitsuo and Joseph W. Dauben},
}

@incollection{routledge,
	AUTHOR = {Knobloch, Eberhard},
	TITLE = {Determinants},
	EDITOR = {Grattan-Guinness, I.},
	BOOKTITLE = {Companion Encyclopedia of the History and Philosophy
of the Mathematical Sciences},
	VOLUME = {1},
	PAGES = {766--774},
	PUBLISHER = {Routledge},
	YEAR = {1994},
}

@book{abregeI,
	EDITOR = {Dieudonn\'e, Jean},
	TITLE = {Abr\'eg\'e d'histoire des math\'ematiques 1700--1900,
tome I},
	YEAR = {1978},
	PUBLISHER = {Hermann},
	ADDRESS = {Paris},
}

@article{price,
	TITLE = {Some Identities in the Theory of Determinants},
	AUTHOR = {Price, G. B.},
	JOURNAL = {Amer. Math. Monthly},
	VOLUME = {54},
	NUMBER = {2},
	YEAR = {1947},
	PAGES = {75--90},
}

@article{jacobi1845,
	AUTHOR = {Jacobi, C. G. J.},
	TITLE = {Theoria novi multiplicatoris systemati aequationum differentialium vulgarium applicandi},
	YEAR = {1845},
	PAGES = {333--376},
	VOLUME = {29},
	JOURNAL = {J. Reine Angew. Math.},
	NOTE = {Gesammelte Werke, Band IV, pp.~317--509},
}

@incollection{netto,
	AUTHOR = {Netto, Eugen},
	TITLE = {{Rationale Funktionen mehrerer Ver\"anderlichen}},
	PAGES = {255--282},
	EDITOR = {Meyer, Wilhelm Franz},
        BOOKTITLE = {Encyklop\"adie der Mathematischen Wissenschaften mit Einschluss ihrer Anwendungen, Band I, 1. Teil},
	YEAR = {1898--1904},
	PUBLISHER = {B. G. Teubner},
	ADDRESS = {Leipzig},
}

@article{jacobi1841a,
        TITLE = {De formatione et proprietatibus Determinatium},
        AUTHOR = {Jacobi, C. G. J.},
        JOURNAL = {J. Reine Angew. Math.},
        VOLUME = {22},
        YEAR = {1841},
	PAGES = {285--318},
        NOTE = {Gesammelte Werke, Band III, pp.~355--392},
}

@article{jacobi1841b,
        AUTHOR = {Jacobi, C. G. J.},
        JOURNAL = {J. Reine Angew. Math.},
	VOLUME = {22},
	YEAR = {1841},
	TITLE = {De Determinantibus functionalibus},
	PAGES = {319--359},
        NOTE = {Gesammelte Werke, Band III, pp.~393--438},
}

@incollection{bashmakova,
	AUTHOR = {Bashmakova, I. G. and Rudakov, A. N.},
	TITLE = {Algebra and algebraic number theory},
	PAGES = {35--136},
	BOOKTITLE = {Mathematics of the 19th century, volume 1},
	EDITOR = {Kolmogorov, A. N. and Yushkevich, A. P.},
	YEAR = {2001},
	PUBLISHER = {Birkh\"auser},
}

@book{muir,
	AUTHOR = {Muir, Thomas},
	TITLE = {The theory of determinants in the historical order of development, volume one and volume two},
	PUBLISHER = {Dover Publications},
	YEAR = {1960},
}

@article{brualdi,
	TITLE = {{Determinantal identities: Gauss, Schur, Cauchy, Sylvester, Kronecker, Jacobi, Binet, Laplace, Muir, and Cayley}},
	AUTHOR = {Brualdi, Richard A. and Schneider, Hans},
	JOURNAL = {Linear Algebra Appl.},
	VOLUME = {52--53},
	YEAR = {1983},
	PAGES = {769--791},
}

@article{may,
	TITLE = {Derivatives of Determinants and Other Multilinear Functions},
	AUTHOR = {May, Kenneth O.},
	JOURNAL = {Math. Mag.},
	VOLUME = {38},
	NUMBER = {5},
	YEAR = {1965},
	PAGES = {307--308},
}

@book{grassmann,
	AUTHOR = {Grassmann, Hermann},
	TITLE = {Extension Theory},
	YEAR = {2000},
	PUBLISHER = {American Mathematical Society},
	SERIES = {History of Mathematics},
	VOLUME = {19},
	NOTE = {Translated from the German by Lloyd Kannenberg},
}

@book{elstrodt,
	AUTHOR = {Elstrodt, J\"urgen},
	TITLE = {{Ma{\ss}- und Integrationstheorie}},
	PUBLISHER = {Springer},
	YEAR = {2009},
	EDITION = {sixth},
}

@article {katz,
    AUTHOR = {Katz, Victor J.},
     TITLE = {Change of variables in multiple integrals: {E}uler to
              {C}artan},
   JOURNAL = {Math. Mag.},
    VOLUME = {55},
      YEAR = {1982},
    NUMBER = {1},
     PAGES = {3--11},
}

@book{koenigsberger,
	AUTHOR = {Koenigsberger, Leo},
	TITLE = {{Carl Gustav Jacobi Jacobi}},
	PUBLISHER = {B. G. Teubner},
	ADDRESS = {Leipzig},
	YEAR = {1904},
}

@article{dorier,
	TITLE = {A general outline of the genesis of vector space theory},
	AUTHOR = {Dorier, J. L.},
	YEAR = {1995},
	VOLUME = {22},
	NUMBER = {3},
	PAGES = {227--261},
	JOURNAL = {Historia Math.},
}

@article{abeles,
	AUTHOR = {Abeles, Francine F.},
	TITLE = {Nineteenth century roots of quasideterminants},
	JOURNAL = {Linear Algebra Appl.},
	VOLUME = {435},
	NUMBER = {5},
	YEAR = {2011},
	PAGES = {1019--1024},
}
