@book{watson,
	AUTHOR = {Watson, G. N.},
	TITLE = {A Treatise on the Theory of {B}essel Functions},
	EDITION = {second},
	PUBLISHER = {Cambridge University Press},
	YEAR = {1944},
}

@article{E214,
        AUTHOR = {Euler, Leonhard},
        TITLE = {Principes de la trigonom\'etrie sph\'erique tir\'es de la m\'ethode des plus grands et plus petits},
        JOURNAL = {M\'emoires de l'Acad\'emie des Sciences de Berlin},
	FULL = {Histoire et M\'emoires de l'Acad\'emie Royale des sciences
et des belles lettres avec des M\'emoires},
        VOLUME = {9},
        YEAR = {1753},
        PAGES = {223--257},
        NOTE = {E214, Opera omnia I.27, pp. 277--308},
}    

@article{E153,
	AUTHOR = {Euler, Leonhard},
	TITLE = {Demonstratio gemina theorematis Neutoniani, quo traditur
relatio inter coefficientes cuiusvis aequationis algebraicae et summas potestatum radicum eiusdem},
	PAGES = {108--120},
	BOOKTITLE = {L. {E}uleri {O}puscula varii argumenti},
	NOTE = {E153, Opera omnia I.6, pp. 20--30},
	ADDRESS = {Berolini},
	PUBLISHER = {Sumtibus Ambr. Haude \& Jo. Carol. Speneri},
	YEAR = {1746--1751},
	VOLUME = {2},
}


@book {MR643362,
    AUTHOR = {Bourbaki, Nicolas},
     TITLE = {\'{E}l\'ements de math\'ematique},
    SERIES = {Lecture Notes in Mathematics},
    VOLUME = {864},
      NOTE = {Alg{\`e}bre. Chapitres 4 {\`a} 7. [Algebra. Chapters 4--7]},
 PUBLISHER = {Masson},
   ADDRESS = {Paris},
      YEAR = {1981},
     PAGES = {vii+422},
      ISBN = {2-225-68574-6},
   MRCLASS = {00A05 (06F15 12Fxx 13C05)},
MRREVIEWER = {Robert Gilmer},
}

@incollection {MR0262045,
    AUTHOR = {Rademacher, Hans},
     TITLE = {Comments on {E}uler's ``{D}e mirabilibus proprietatibus
              numerorum pentagonalium''},
 BOOKTITLE = {Number Theory and Analysis (Papers in Honor of Edmund Landau)},
     PAGES = {257--268},
 PUBLISHER = {Plenum},
   ADDRESS = {New York}, 
      YEAR = {1969},
   MRCLASS = {01.25 (40.00)},
MRREVIEWER = {F. P. Cass}, 
}

@article{E447,
	AUTHOR = {Euler, Leonhard},
	TITLE = {Summatio progressionum $\sin \phi^\lambda +\sin 2\phi^\lambda
+\sin 3\phi^\lambda+\cdots +\sin n\phi^\lambda,
\cos \phi^\lambda +\cos 2\phi^\lambda+\cos 3\phi^\lambda+\cdots+
\cos n\phi^\lambda$},
	JOURNAL = {Novi Commentarii Academiae Scientiarum Imperialis Petropolitanae},
	VOLUME = {18},
	YEAR = {1773},
	PAGES = {24--36},
	NOTE = {E447, Opera omnia I.15, pp. 168--184},
}

@article{E542,
        AUTHOR = {Euler, Leonhard},
        TITLE = {De mirabilibus proprietatibus numerorum pentagonalium},
	JOURNAL = {Acta Academiae Scientiarum Imperialis Petropolitanae},
        YEAR = {1780},
        PAGES = {56--75},
        NOTE = {E542, Opera omnia I.3, pp. 480--496},
	NUMBER = {I},
        PRESENTED = {St.-Petersburg Academy on September 4, 1775},
}

@book{titchmarsh,
        AUTHOR = {Titchmarsh, E. C.},
        TITLE = {The theory of functions},
        EDITION = {second},
        YEAR = {2002},
        PUBLISHER = {Oxford University Press},
}

@book{cartan,
        TITLE = {Elementary theory of analytic functions of one or several complex variables},
        AUTHOR = {Cartan, Henri},
        YEAR = {1995},
        PUBLISHER = {Dover Publications},
        NOTE = {translated from the French},
}

@book {MR0364103,
    AUTHOR = {Rademacher, Hans},
     TITLE = {Topics in analytic number theory},
      NOTE = {Edited by E. Grosswald, J. Lehner and M. Newman,
              Die Grundlehren der mathematischen Wissenschaften, Band 169},
 PUBLISHER = {Springer-Verlag},
   ADDRESS = {New York},
      YEAR = {1973},
     PAGES = {ix+320},
   MRCLASS = {10D05 (10HXX 10JXX)},
MRREVIEWER = {H. Halberstam},
        CALL = {QA 241.R23},
}

@book{dickson,
	AUTHOR = {Dickson, Leonard Eugene},
	TITLE = {Elementary theory of equations},
	PUBLISHER = {John Wiley \& Sons},
	ADDRESS = {New York},
	YEAR = {1914},
	EDITION = {first},
}

@article{bell,
	AUTHOR = {Bell, Jordan},
	TITLE = {{A summary of Euler's work on the pentagonal number theorem}},
	JOURNAL = {Arch. Hist. Exact Sci.},
	VOLUME = {64},
	NUMBER = {3},
	YEAR = {2010},
	PAGES = {301--373},
}

@book{bourbaki,
	AUTHOR = {Bourbaki, Nicolas},
	TITLE = {{Elements of Mathematics, Algebra II: Chapters 4--7}},
	PUBLISHER = {Springer-Verlag},
	YEAR = {1990},
	NOTE = {translated from the French},
}
