@book{arnold1988,
	AUTHOR = {Arnold, V. I.},
	YEAR = {1988},
	TITLE = {Geometrical Methods in the Theory of Ordinary Differential Equations},
	SERIES = {Grundlehren der mathematischen Wissenschaften},
	VOLUME = {250},
	EDITION = {second},
	NOTE = {Translated from the Russian by Joseph Sz\"ucs},
	PUBLISHER = {Springer},
}

@book{wiggins,
	AUTHOR = {Wiggins, Stephen},
	TITLE = {Introduction to applied nonlinear dynamical systems and chaos},
	EDITION = {second},
	VOLUME = {2},
	PUBLISHER = {Springer},
	YEAR = {2003},
	SERIES = {Texts in Applied Mathematics},
}

@article{unconditional,
	NOTE = {arXiv:1103.5271},
	TITLE = {{P}oincar\'e-{D}ulac normal form reduction for unconditional well-posedness of the periodic cubic {NLS}},
	AUTHOR = {Zihua Guo and Soonsik Kwon and Tadahiro Oh},
}

@book{poisson,
	AUTHOR = {Dufour, Jean-Paul and Zung, Nguyen Tien},
	TITLE = {Poisson structures and their normal forms},
	PUBLISHER = {Birkh\"auser},
	YEAR = {2005},
	SERIES = {Progress in Mathematics},
	VOLUME = {242},
}

@incollection{scheurle,
	AUTHOR = {Scheurle, J\"urgen and Walcher, Sebastian},
	TITLE = {On normal form computations},
	PAGES = {309--325},
	EDITOR = {Paul Newton and Philip Holmes and Alan Weinstein},
	BOOKTITLE = {Geometry, Mechanics, and Dynamics},
	PUBLISHER = {Springer},
	YEAR = {2002},
}

@book{analytic,
	AUTHOR = {Ilyashenko, Yulij and Yakovenko, Sergei},
	TITLE = {Lectures on analytic differential equations},
	PUBLISHER = {American Mathematical Society},
	SERIES = {Graduate Studies in Mathematics},
	VOLUME = {86},
	ADDRESS = {Providence, Rhode Island},
	YEAR = {2007},
}

@book{encyclopedia,
	TITLE = {Ordinary differential equations and smooth dynamical systems},
	PUBLISHER = {Springer},
	YEAR = {1997},
	NOTE = {Translated from the Russian by E. R. Dawson and D. O'Shea},
	AUTHOR = {Anosov, D. V. and Aranson, S. Kh. and Arnold, V. I. and Bronshtein, I. U. and Grines, V. Z. and Ilyashenko, Yu. S.},
}
