@book{polya,
	AUTHOR = {Pólya, George and Szegő, Gábor},
	TITLE = {Problems and theorems in analysis, volume {II}},
	PUBLISHER = {Springer},
	YEAR = {1976},
	SERIES = {Die Grundlehren der mathematischen Wissenschaften},
	VOLUME = {216},
	NOTE = {Translated from the German by C. E. Billigheimer},
}	