@book{brillouin,
	AUTHOR = {Brilluoin, L\'eon},
	YEAR = {1960},
	PUBLISHER = {Academic Press},
	TITLE = {Wave propagation and group velocity},
}

@book{hankinson,
	AUTHOR = {Hankinson, R. J.},
	PUBLISHER = {Oxford University Press},
	YEAR =  {2001},
	TITLE = {Cause and explanation in ancient {G}reek thought},
}

@book{beare,
	AUTHOR = {Beare, John I.},
	TITLE = {Greek theories of elementary cognition: from {A}lcmaeon to {A}ristotle},
	PUBLISHER = {Oxford University Press},
	YEAR = {1906},
}

@book{cohen1984,
        AUTHOR = {Cohen, H. F.},
        TITLE = {Quantifying Music: The Science of Music at the First Stage of Scientific Revolution, 1580--1650},
        SERIES = {The University of Western Ontario Series in Philosophy of Science},
        VOLUME = {23},
        YEAR = {1984},
        PUBLISHER = {Kluwer},
}

@book{chen,
        AUTHOR = {Chen, Joseph C. Y.},
        TITLE = {Early {C}hinese Work in Natural Science: A Re-examination of the Physics of Motion, Acoustics, Astronomy and Scientific Thought},
        PUBLISHER = {Hong Kong University Press},
        YEAR = {1996},
}

@book{barker,
        AUTHOR = {Barker, Andrew},
        YEAR = {2007},
	TITLE = {The Science of Harmonics in Classical {G}reece},
        PUBLISHER = {Cambridge University Press},
}

@book{hofstadter,
	AUTHOR = {Hofstadter, Douglas and Sander, Emmanuel},
	TITLE = {Surfaces and essences: 
analogy as the Fuel and Fire of Thinking},
	YEAR = {2013},
	PUBLISHER = {Basic Books},
}

@article{kilgour,
	TITLE = {Vitruvius and the Early History of Wave Theory},
	AUTHOR = {Frederick G. Kilgour},
	JOURNAL = {Technology and Culture},
	VOLUME = {4},
	NUMBER = {3},
	YEAR = {1963},
	PAGES = {282--286},
}

@book{clagett,
	AUTHOR = {Clagett, Marshall},
	TITLE = {Greek Science in Antiquity},
	PUBLISHER = {Dover Publications},
	YEAR = {2001},
}

@book{II12,
	TITLE = {Leonhardi {E}uleri {O}pera omnia, series {II}, volumen 12:
{R}ational Fluid Mechanics, 1687--1765},
	AUTHOR = {Truesdell, Clifford},
	YEAR = {1954},
	ADDRESS = {Z\"urich},
	PUBLISHER = {Orell F\"ussli},
}

@incollection{truesdell,
        AUTHOR = {Truesdell, Clifford},
        EDITOR = {Truesdell, Clifford},
        PAGES = {1--83},
        TITLE = {The mechanics of {L}eonardo da {V}inci},
        BOOKTITLE = {Essays in the History of Mechanics},
        PUBLISHER = {Springer},
        YEAR = {1968},
}

@book{johnston,
	TITLE = {Measured Tones: The Interplay of Physics and Music},
	EDITION = {third},
	AUTHOR = {Johnston, Ian},
	PUBLISHER = {CRC Press},
	YEAR = {2009},
}

@book{pierce,
	AUTHOR = {Pierce, Allan D.},
	TITLE = {Acoustics: An Introduction to Its Physical Principles and Applications},
	PUBLISHER = {Acoustical Society of America},
	YEAR = {1989},
	ADDRESS = {Woodbury, NY},
}

@book{similarities,
	AUTHOR = {Shive, John N. and Weber, Robert L.},
	TITLE = {Similarities in physics},
	PUBLISHER = {John Wiley \& Sons},
	YEAR = {1982},
	ADDRESS = {New York},
}

@book{raichlen,
	AUTHOR = {Raichlen, Fredric},
	TITLE = {Waves},
	YEAR = {2012},
	PUBLISHER = {The MIT Press},
}

@book{thorndikeII,
	AUTHOR = {Thorndike, Lynn},
	TITLE = {A history of magic and experimental
science, vol. {II}},
	PUBLISHER = {Columbia University Press},
	YEAR = {1923},
}

@book{miller,
	AUTHOR = {Miller, Peter D.},
	TITLE = {Applied asymptotic analysis},
	PUBLISHER = {American Mathematical Society},
	SERIES = {Graduate Studies in Mathematics},
	VOLUME = {75},
	YEAR = {2006},
}

@book{thagard1993,
	TITLE = {Computational Philosophy of Science},
	AUTHOR = {Thagard, Paul},
	PUBLISHER = {The MIT Press},
	YEAR = {1993},
}

@book{thagard1992,
	AUTHOR = {Thagard, Paul},
	TITLE = {Conceptual Revolutions},
	PUBLISHER = {Princeton University Press},
	YEAR = {1992},
}

@book{mental,
	AUTHOR = {Holyoak, Keith J. and Thagard, Paul},
	TITLE = {Mental leaps: analogy in creative thought},
	PUBLISHER = {The MIT Press},
	YEAR = {1996},
}

@book{russell,
	TITLE = {The Analysis of Matter},
	AUTHOR = {Russell, Betrand},
	YEAR = {1927},
	PUBLISHER = {Kegan Paul, Trench, Tr\"ubner \& Co.},
	ADDRESS = {London},
}

@book{mcmorris,
	AUTHOR = {McMorris, Neville},
	TITLE = {The natures of science},
	PUBLISHER = {Associated University Presses},
	YEAR = {1989},
	ADDRESS = {Cranbury, NJ},
}

@book{hakfoort,
	AUTHOR = {Hakfoort, Casper},
	TITLE = {Optics in the Age of {E}uler: conceptions of the nature
of light, 1700--1795},
	PUBLISHER = {Cambridge University Press},
	YEAR = {1995},
}

@book{lindberg,
	AUTHOR = {Lindberg, David C.},
	TITLE = {Theories of Vision from al-{K}indi to {K}epler},
	YEAR = {1976},
	PUBLISHER = {University of Chicago Press},
}

@book{deanima,
	TITLE = {Aristotle's {D}e anima in the version of {W}illiam of
{M}oerbeke, and the {C}ommentary of {S}t. {T}homas {A}quinas},
	YEAR = {1951},
	PUBLISHER = {Yale University Press},
	AUTHOR = {Kenelm Foster and Silvester Humphries},
}

@article{ziggelaara,
	AUTHOR = {Ziggelaara, Augustine},
	TITLE = {How did the wave theory of light take shape in the mind of
{C}hristiaan {H}uygens?},
	JOURNAL = {Ann. Sci.},
	VOLUME = {37},
	NUMBER = {2},
	YEAR = {1980},
	PAGES = {179--187},
}

@book{einstein,
	AUTHOR = {Einstein, Albert and Infeld, Leopold},
	TITLE = {The evolution of physics},
	PUBLISHER = {Simon and Schuster},
	YEAR = {1966},
}

@article{shapiro,
	AUTHOR = {Shapiro, Alan E.},
	TITLE = {Kinematic optics: a study of the wave theory of light
in the seventeenth century},
	JOURNAL = {Arch. Hist. Exact Sci.},
	VOLUME = {11},
	NUMBER = {2/3},
	PAGES = {134--266},
	YEAR = {1973},
}

@book{zirker,
	AUTHOR = {Zirker, J. B.},
	TITLE = {The Science of Ocean Waves: Ripples, Tsunamis, and Stormy Seas},
	YEAR = {2013},
	PUBLISHER = {Johns Hopkins University Press},
}

@book{piper,
	TITLE = {Acoustics, Light and Heat},
	AUTHOR = {Piper, Thomas W.},
	YEAR = {1880},
	PUBLISHER = {George Philip \& Son},
	ADDRESS = {London},
}

@book{needhamIV1,
        AUTHOR = {Needham, Joseph},
        PUBLISHER = {Cambridge University Press},
        YEAR = {1962},
        TITLE = {Science and Civilisation in {C}hina, vol. {IV}. {P}hysics and Physical Technology, part 1: {P}hysics},
}

@book{sabra,
	YEAR = {1981},
	PUBLISHER = {Cambridge University Press},
	AUTHOR = {Sabra, A. I.},
	TITLE = {Theories of Light: From {D}escartes to {N}ewton},
}

@incollection{burnyeat,
        AUTHOR = {Burnyeat, M. F.},
        TITLE = {How much happens when {A}ristotle sees red and hears middle
{C}? {R}emarks on {{\em De Anima 2.7--8}}},
        PAGES = {421--434},
        EDITOR = {Martha C. Nussbaum and Am\'elie Oksenberg Rorty},
        PUBLISHER = {Oxford University Press},
        YEAR = {1999},
        BOOKTITLE = {Essays on Aristotle's {\em De Anima}},
}

@book{philoponus,
	AUTHOR = {Philoponus, John},
	PUBLISHER = {Bloomsbury},
	NOTE = {Translation and commentary by William Charlton},
	SERIES = {Ancient Commentators on Aristotle},
	YEAR = {2014},
	TITLE = {On {A}ristotle {O}n the Soul 2.7--12},
}

@book{crombie,
        AUTHOR = {Crombie, A. C.},
        TITLE = {Science, Optics, and Music in Medieval and Early Modern Thought},
        PUBLISHER = {Hambledon Press},
        ADDRESS = {London, UK},
        YEAR = {1990},
}

@book{pretor-pinney,
	AUTHOR = {Pretor-Pinney, Gavin},
	TITLE = {The wavewatcher's companion},
	PUBLISHER = {Bloomsbury},
	ADDRESS = {London},
	YEAR = {2010},
}

@book{sambursky1960,
	AUTHOR = {Sambursky, Samuel},
	TITLE = {The physical world of the {G}reeks},
	PUBLISHER = {Routledge and Kegan Paul},
	NOTE = {Translated from the Hebrew by Merton Dagut},
	YEAR = {1960},
	EDITION = {second},
	ADDRESS = {London},
}

@book{sambursky1962,
        AUTHOR = {Sambursky, Samuel},
	TITLE = {The physical world of late antiquity},
        PUBLISHER = {Routledge and Kegan Paul},
	YEAR = {1962},
        ADDRESS = {London},
}

@book{sambursky1959,
	AUTHOR = {Sambursky, Samuel},
	TITLE = {Physics of the {S}toics},
	YEAR = {1959},
	PUBLISHER = {Routledge and Kegan Paul},
	ADDRESS = {London},
}

@article {MR0457072,
    AUTHOR = {Dostrovsky, Sigalia},
     TITLE = {Early vibration theory: physics and music in the seventeenth
              century},
   JOURNAL = {Arch. History Exact Sci.},
    VOLUME = {14},
      YEAR = {1975},
    NUMBER = {3},
     PAGES = {169--218},
}

@book{russo,
	AUTHOR = {Russo, Lucio},
	TITLE = {The forgotten revolution: How science was born in 300 {BC}
and why it had to be reborn},
	PUBLISHER = {Springer},
	NOTE = {Translated from the Italian by Silvio Levy},
	YEAR = {2004},
}

@book{whewellII,
        AUTHOR = {Whewell, William},
	TITLE = {History of the inductive sciences from the earliest to the
present time, vol. {II}},
	EDITION = {third},
	PUBLISHER = {D. Appleton and Company},
	ADDRESS = {New York},
	YEAR = {1870},
}

@book{whewellI,
	AUTHOR = {Whewell, William},
	TITLE = {The philosophy of the inductive sciences, vol. {I}},
	EDITION = {second},
	YEAR = {1847},
	PUBLISHER = {John W. Parker},
	ADDRESS = {London},	
}

@book{piaget,
	TITLE = {The Child's Conception of Physical Causality},
	AUTHOR = {Piaget, Jean},
	YEAR = {1930},
	ADDRESS = {London},
	PUBLISHER = {Kegan Paul, Trench, Tr\"ubner \& Co.},
}

@book{preston,
	AUTHOR = {Preston, Thomas},
	TITLE = {The theory of light},
	YEAR = {1895},
	PUBLISHER = {Macmillan and Co.},
	EDITION = {second},
	ADDRESS = {London},
}

@book{dugas,
	AUTHOR = {Dugas, Ren\'e},
	TITLE = {A history of mechanics},
	PUBLISHER = {Dover Publications},
	YEAR = {1988},
	NOTE = {Translated from the French by J. R. Maddox},
}

@book{whittaker,
	TITLE = {History of the Theories of Aether and Electricity: From the Age of {D}escartes to the Close of the Nineteenth Century},
	AUTHOR = {Whittaker, E. T.},
	YEAR = {1910},
	PUBLISHER = {Longmans, Green, and Co.},
	ADDRESS = {London},
}

@book{darrigol2000,
        AUTHOR = {Darrigol, Olivier},
	TITLE = {Electrodynamics from {A}mp\`ere to {E}instein},
	YEAR = {2000},
        PUBLISHER = {Oxford University Press},
}

@book{darrigol2005,
        AUTHOR = {Darrigol, Olivier},
	TITLE = {Worlds of flow: A history of hydrodynamics from the
{B}ernoullis to {P}randtl},
	PUBLISHER = {Oxford University Press},
	YEAR = {2005},
}

@article{darrigol2007,
	AUTHOR = {Darrigol, Olivier},
	TITLE = {The acoustic origins of harmonic analysis},
	JOURNAL = {Arch. Hist. Exact Sci.},
	VOLUME = {61},
	YEAR = {2007},
	PAGES = {343--424},
	NUMBER = {4},
}

@book{darrigol2012,
	AUTHOR = {Darrigol, Olivier},
	TITLE = {A history of optics from {G}reek antiquity to the nineteenth
century},
	PUBLISHER = {Oxford University Press},
	YEAR = {2012},
}

@book{basset,
	AUTHOR = {Alfred Barnard Basset},
	TITLE = {A treatise on hydrodynamics, volume {II}},
	ADDRESS = {Cambridge},
	PUBLISHER = {Deighton, Bell and Co.},
	YEAR = {1888},
}

@book{lamb,
	TITLE = {Hydrodynamics},
	EDITION = {fourth},
	AUTHOR = {Lamb, Horace},
	PUBLISHER = {Cambridge University Press},
	YEAR = {1916},
}
