@book{aelfric,
	EDITOR = {Porter, David W.},
	TITLE = {{Excerptiones de Prisciano}},
	PUBLISHER = {D. S. Brewer},
	ADDRESS = {Cambridge},
	YEAR = {2002},
	SERIES = {Anglo-Saxon Texts},
	VOLUME = {4},
}

@article{tanenhaus,
	AUTHOR = {Tanenhaus, Gussie Hecht},
	TITLE = {{Bede's {\em De Schematibus et Tropis}--a translation}},
	JOURNAL = {Quarterly Journal of Speech},
	PAGES = {237--253},
	VOLUME = {48},
	YEAR = {1962},
	NUMBER = {3},
}

@incollection{anselm,
	AUTHOR = {King, Peter},
	TITLE = {Anselm's philosophy of language },
	PAGES = {84--110},
	EDITOR = {Davies, Brian and Leftow, Brian},
	BOOKTITLE = {The Cambridge Companion to Anselm},
	PUBLISHER = {Cambridge University Press},
	YEAR = {2005},
}

@book{RLM,
	EDITOR = {Halm, Karl},
	TITLE = {Rhetores Latini minores},
	PUBLISHER = {B. G. Teubner},
	ADDRESS = {Lipsiae},
	YEAR = {1863},	
}

@book{MGR,
	TITLE = {Medieval Grammar and Rhetoric: Language Arts and Literary Theory, {AD} 300--1475},
	AUTHOR = {Rita Copeland and Ineke Sluiter},
	PUBLISHER = {Oxford University Press},
	YEAR = {2012},
}

@book{mahameleth,
	AUTHOR = {Sesiano, Jacques},
	TITLE = {{Liber Mahameleth}},
	SERIES = {Sources and Studies in the History of Mathematics and Physical Sciences},
	PUBLISHER = {Springer},
	YEAR = {2014},
}

@book{LCL403,
	AUTHOR = {Caplan, Henry},
	TITLE = {{[Cicero], Rhetorica ad Herennium}},
	PUBLISHER = {Harvard University Press},
	SERIES = {Loeb Classical Library},
	NUMBER = {403},
	YEAR = {1954},
}

@book{LCL124,
	AUTHOR = {Russell, Donald A.},
	TITLE = {{Quintilian. The Orator's Education, Volume I: Books 1--2}},
	PUBLISHER = {Harvard University Press},
	SERIES = {Loeb Classical Library},
	NUMBER = {124},
	YEAR = {2002},
}

@book{LCL126,
	AUTHOR = {Russell, Donald A.},
	TITLE = {{Quintilian. The Orator's Education, Volume III: Books 6--8}},
	PUBLISHER = {Harvard University Press},
	SERIES = {Loeb Classical Library},
	NUMBER = {126},
	YEAR = {2002},
}

@book{ALI1to5,
	EDITOR = {Minio-Paluello, L.},
	PUBLISHER = {Descl\'ee de Brouwer},
	TITLE = {{Aristoteles Latinus I 1--5. Categoriae vel Praedicamenta. Translatio Boethii -- Editio Composite. Translatio Guillelmi de Moerbeka. Lemmata e Simplicii commentario decerpta. Pseudo-Augustini Paraphrasis Themistiana}},
	YEAR = {1961},
}

@book{isidore,
	AUTHOR = {Barney, Stephen A. and Lewis, W. J. and Beach, J. A. and Berghof, Oliver}, 
	TITLE = {{The {\em Etymologies} of Isidore of Seville}},
	PUBLISHER = {Cambridge University Press},
	YEAR = {2006},
}

@book{GLK,
	EDITOR = {Keil, Heinrich},
	TITLE = {Grammatici latini, 7 vol.},
	YEAR = {1855--1880},
	PUBLISHER = {B. G. Teubner},
	ADDRESS = {Lipsiae},
}

@book{molland,
	AUTHOR = {Molland, George},
	TITLE = {{Thomas Bradwardine, {\em Geometria speculativa}: Latin text and English translation with an introduction and a commentary}},
	PUBLISHER = {F. Steiner},
	ADDRESS = {Stuttgart},
	YEAR = {1989},
}

@book{friedlein,
	AUTHOR = {Friedlein, Gottfried},
	TITLE = {{Anicii Manlii Torquati Severini Boetii De institutione arithmetica libri duo De institutione musica libri quinque. Accedit geometria quae fertur Boetii}},
	PUBLISHER = {B. G. Teubner},
	ADDRESS = {Lipsiae},
	YEAR = {1867},
}

@book{scotus,
	AUTHOR = {Newton, Lloyd A.},
	TITLE = {{John Duns Scotus, Questions on Aristotle's {\em Categories}}},
	YEAR = {2014},
	SERIES = {The Fathers of the Church Mediaeval Continuation},
	VOLUME = {15},
	PUBLISHER = {Catholic University of America Press},
}

@book{campanusI,
	TITLE = {{Campanus of Novara and Euclid's {\em Elements}, volume I}},
	EDITOR = {Busard, H. L. L.},
	PUBLISHER = {Franz Steiner Verlag},
	ADDRESS = {Stuttgart},
	YEAR = {2005},
}

@book{GMWII,
	AUTHOR = {Barker, Andrew},
	YEAR = {2004},
	TITLE = {Greek Musical Writings, volume {II}: Harmonic and Acoustic Theory},
	SERIES = {Cambridge Readings in the Literature of Music},
	PUBLISHER = {Cambridge University Press},
}

@book{nicomachus,
	TITLE = {{Nicomachus of Gerasa: {\em Introduction to arithmetic}}},
	AUTHOR = {Martin Luther D'Ooge and Frank Egleston Robbins and Louis Charles Karpinski},
	PUBLISHER = {Macmillan},
	ADDRESS = {New York},
	YEAR = {1926},
}

@book{kurland,
	AUTHOR = {Kurland, Samuel},
	TITLE = {{Averroes on Aristotle's {\em De generatione et corruptione}: Middle Commentary and Epitome}},
	YEAR = {1958},
	PUBLISHER = {Mediaeval Academy of America},
	ADDRESS = {Cambridge, MA},
	SERIES = {Mediaeval Academy of America Publications},
	NUMBER = {67},
}

@incollection{rommevaux,
	AUTHOR = {Rommevaux, Sabine},
	TITLE = {{The transmission of the {\em Elements} to the Latin West: three case studies}},
	EDITOR = {Eleanor Robson and Jacqueline Stedall},
	BOOKTITLE = {The Oxford Handbook of the History of Mathematics},
	PAGES = {687--706},
	PUBLISHER = {Oxford University Press},
	YEAR = {2009},
}

@book{arithmetice,
	EDITOR = {Busard, H. L. L.},
	TITLE = {{Jordanus de Nemore, {\em De elementis arithmetice artis}: a medieval treatise on number theory. Part I: Text and paraphrase}},
	PUBLISHER = {Franz Steiner Verlag},
	ADDRESS = {Stuttgart},
	YEAR = {1991},
}

@incollection{murdoch,
	AUTHOR = {Murdoch, John E.},
	TITLE = {The medieval language of proportions: Elements of the interaction
	with {G}reek foundations and the development of new mathematical techniques},
	PAGES = {237--271},
	ADDRESS = {London},
	PUBLISHER = {Heinemann},
	YEAR = {1963},
	EDITOR = {Crombie, A. C.},
	BOOKTITLE = {Scientific Change},
	CALL = {Gerstein Q125.S95},
}

@book{jabir,
	AUTHOR = {Haq, Syed Nomanul},
	TITLE = {{Names, Natures and Things: The Alchemist J\={a}bir ibn \d{H}ayy\={a}n and his {\em Kit\={a}b al-A\d{h}j\={a}r} (Book of Stones)}},
	PUBLISHER = {Kluwer Academic Publishers},
	YEAR = {1994},
	SERIES = {Boston Studies in the Philosophy of Science},
	VOLUME = {158},
}

@article{scarborough,
	AUTHOR = {Scarborough, John},
	TITLE = {Early {B}yzantine pharmacology},
	JOURNAL = {Dumbarton Oaks Papers},
	VOLUME = {38},
	YEAR = {1984},
	PAGES = {213--232},
}

@book{aetius,
	TITLE = {{Corpus Medicorum Graecorum VIII 1. Aetii Amideni Libri medicinales I--IV}},
	EDITOR = {Olivieri, Alexander},
	YEAR = {1935},
	PUBLISHER = {B. G. Teubner},
}

@book{butterworth,
	AUTHOR = {Butterworth, Charles E.},
	TITLE = {{Averroes' Middle Commentaries on Aristotle's {\em Categories} and {\em De Interpretatione}}},
	PUBLISHER = {Princeton University Press},
	YEAR = {1983},
}

@book{archimedes2,
	TITLE = {{Archimedes in the Middle Ages. Volume 2: The translations from the Greek by William of Moerbeke}},
	AUTHOR = {Clagett, Marshall},
	SERIES = {Memoirs of the American Philosophical Society},
	VOLUME = {117},
	PUBLISHER = {American Philosophical Society},
	ADDRESS = {Philadelphia},
	YEAR = {1976},
}

@book{hughes,
	AUTHOR = {Hughes, Barnabas Bernard},
	TITLE = {{Jordanus de Nemore: {\em De numeris datis}. A critical edition and translation}},
	PUBLISHER = {University of California Press},
	YEAR = {1981},
	SERIES = {Publications of the Center for Medieval and Renaissance Studies, UCLA},
	VOLUME = {14},
}

@book{LCL523,
	AUTHOR = {Johnston, Ian},
	TITLE = {{Galen. On the Constitution of the Art of Medicine, The Art of Medicine, A Method of Medicine to Glaucon}},
	SERIES = {Loeb Classical Library},
	NUMBER = {523},
	PUBLISHER = {Harvard University Press},
	YEAR = {2016},
}

@book{simpliciuscat5,
	AUTHOR = {Haas, Frans A. J. de and Fleet, Barrie},
	TITLE = {{Simplicius, On Aristotle Categories 5--6}},
	SERIES = {Ancient Commentators on Aristotle},
	PUBLISHER = {Bloomsbury},
	YEAR = {2014},
}

@book{simpliciuscat7,
	AUTHOR = {Fleet, Barrie},
	TITLE = {{Simplicius, On Aristotle Categories 7--8}},
	SERIES = {Ancient Commentators on Aristotle},
	PUBLISHER = {Bloomsbury},
	YEAR = {2014},
}

@book{aspasius,
	AUTHOR = {Konstan, David},
	TITLE = {{Aspasius, On Aristotle Nicomachean Ethics 1--4, 7--8}},
	SERIES = {Ancient Commentators on Aristotle},
	PUBLISHER = {Bloomsbury},
	YEAR = {2006},
}

@book{david,
	TITLE = {{David the Invincible's Commentary on {\em Porphyry’s Isagoge}: Old Armenian Text with the Greek Original, an English Translation, Introduction and Notes}},
	AUTHOR = {Muradyan, Gohar},
	PUBLISHER = {Brill},
	SERIES = {Philosophia antiqua},
	VOLUME = {137},
	YEAR = {2014},
}

@book{avicenna,
	TITLE = {{Avicenna, The Physics of {\em The Healing}, Books I \& II}},
	AUTHOR = {McGinnis, Jon},
	PUBLISHER = {Brigham Young University Press},
	YEAR = {2009},
	SERIES = {Brigham Young University -- Islamic Translation Series},
}

@book{sorabji2004,
	EDITOR = {Sorabji, Richard},
	PUBLISHER = {Duckworth},
	ADDRESS = {London},
	YEAR = {2004},
	TITLE = {The Philosophy of the Commentators, 200--600 {AD}. {A} Sourcebook. {V}olume 2. {P}hysics},
}

@book{capellaII,
	AUTHOR = {Stahl, William Harris and Johnson, Richard and Burge, E. L.},
	PUBLISHER = {Columbia University Press},
	YEAR = {1977},
	TITLE = {{Martianus Capella and the Seven Liberal Arts, volume II. The Marriage of Philology and Mercury}},
	SERIES = {Records of Civilization: Sources and Studies},
	NUMBER = {84},
}

@incollection{metaphysica,
	TITLE = {Metaphysica},
	BOOKTITLE = {The Works of Aristotle, volume VIII},
	EDITION = {second},
	EDITOR = {Ross, W. D.},
	AUTHOR = {Ross, W. D.},
	PUBLISHER = {Clarendon Press},
	ADDRESS = {Oxford},
	YEAR = {1928},
}

@book{strange,
	AUTHOR = {Strange, Steven K.},
	TITLE = {{Porphyry: On Aristotle Categories}},
	SERIES = {Ancient Commentators on Aristotle},
	PUBLISHER = {Bloomsbury},
	YEAR = {2014},	
}

@book{dexippus,
	AUTHOR = {Dillon, John}, 
	TITLE = {{Dexippus: On Aristotle Categories}},
	SERIES = {Ancient Commentators on Aristotle},
	PUBLISHER = {Bloomsbury},
	YEAR = {2014},
}

@book{isagoge,
	AUTHOR = {Barnes, Jonathan},
	TITLE = {{Porphyry, {\em Introduction}}},
	SERIES = {Clarendon Later Ancient Philosophers},
	PUBLISHER = {Clarendon Press},
	ADDRESS = {Oxford},
	YEAR = {2003},
}

@book{longeway,
	AUTHOR = {Longeway, John},
	TITLE = {{William Heytesbury, On Maxima and Minima. Chapter 5 of {\em Rules for Solving Sophismata},
	 with an anonymous fourteenth-century discussion}},
	SERIES = {Synthese Historical Library},
	VOLUME = {26},
	PUBLISHER = {D. Reidel Publishing Company},
	YEAR = {1984},
}

@book{grant,
	EDITOR = {Grant, Edward},
	TITLE = {A Source Book in Medieval Science},
	YEAR = {1974},
	PUBLISHER = {Harvard University Press},
}

@book{CHMP,
	EDITOR = {Pasnau, Robert and Dyke, Christina van},
	TITLE = {{The Cambridge History of Medieval Philosophy, volume I}},
	YEAR = {2010},
	PUBLISHER = {Cambridge University Press},
	EDITION = {revised},
}

@book{CHLMP,
	EDITOR = {Kretzmann, Normann and Kenny, Anthony and Pinborg, Jan},
	TITLE = {{The Cambridge History of Later Medieval Philosophy}},
	YEAR = {1982},
	PUBLISHER = {Cambridge University Press},
}

@book{CTMPT,
	EDITOR = {Norman Kretzmann and Eleonore Stump},
	TITLE = {{The Cambridge Translations of Medieval Philosophical Texts, volume one: Logic and the Philosophy of Language}},
	PUBLISHER = {Cambridge University Press},
	YEAR = {1989},
}

@book{copenhaver,
	AUTHOR = {Brian P. Copenhaver and Calvin G. Normore and Terence Parsons},
	TITLE = {{Peter of Spain: {\em Summaries of Logic}. Text, Translation, Introduction, and Notes}},
	PUBLISHER = {Oxford University Press},
	YEAR = {2014},
}

@book{ackrill,
	AUTHOR = {Ackrill, J. L.},
	TITLE = {{Aristotle, Categories and De Interpretatione}},
	SERIES = {Clarendon Aristotle Series},
	PUBLISHER = {Clarendon Press},
	ADDRESS = {Oxford},
	YEAR = {1975},
}

@book{burley,
	TITLE = {{Walter Burley, {\em On the Purity of the Art of Logic}}: The Shorter and the Longer Treatises},
	AUTHOR = {Spade, Paul Vincent},
	PUBLISHER = {Yale University Press},
	SERIES = {Yale Library of Medieval Philosophy},
	YEAR = {2000},
}

@book{williams,
	AUTHOR = {Williams, C. J. F.},
	TITLE = {{Aristotle's De Generatione et Corruptione}},
	SERIES = {Clarendon Aristotle Series},
	PUBLISHER = {Clarendon Press},
	ADDRESS = {Oxford},
	YEAR = {1982},
}

@book{themistius58,
	TITLE = {{Themistius: On Aristotle Physics 5--8}},
	AUTHOR = {Todd, Robert B.},
	SERIES = {Ancient Commentators on Aristotle},
	YEAR = {2008},
	PUBLISHER = {Bloomsbury},
}

@book{philoponus16,
	TITLE = {{Philoponus: On Aristotle On Coming-to-Be and Perishing 1.6--2.4}},
	AUTHOR = {Williams, C. J. F.},
	SERIES = {Ancient Commentators on Aristotle},
	YEAR = {1999},
	PUBLISHER = {Bloomsbury},
}

@book{philoponus25,
	TITLE = {{Philoponus: On Aristotle On Coming-to-Be and Perishing 2.5--11}},
	AUTHOR = {Kupreeva, Inna},
	SERIES = {Ancient Commentators on Aristotle},
	YEAR = {2005},
	PUBLISHER = {Bloomsbury},
}

@book{simpliciuscaelo110,
	TITLE = {{Simplicius: On Aristotle On the Heavens 1.10--12}},
	AUTHOR = {Hankinson, R. J.},
	SERIES = {Ancient Commentators on Aristotle},
	YEAR = {2006},
	PUBLISHER = {Bloomsbury},
}

@book{ammonius,
	TITLE = {{Ammonius: On Aristotle Categories}},
	AUTHOR = {Cohen, S. Marc and Matthews, Gareth B.},
	SERIES = {Ancient Commentators on Aristotle},
	YEAR = {2014},
	PUBLISHER = {Bloomsbury},
}

@article{wieleitner,
	AUTHOR = {Heinrich Wieleitner},
	TITLE = {{Zur Geschichte der unendlichen Reihen im christlichen
Mittelalter}},
	PAGES = {150--168},
	JOURNAL = {Bibliotheca Mathematica, 3. Folge},
	VOLUME = {14},
	YEAR = {1913--1914},
}

@book{roche,
	TITLE = {The Mathematics of Measurement: A Critical History},
	AUTHOR = {Roche, John J.},
	PUBLISHER = {Athlone Press},
	ADDRESS = {London},
	YEAR = {1998},
}

@book{dijksterhuis,
	AUTHOR = {Dijksterhuis, E. J.},
	NOTE = {Translated from the Dutch by C. Dikshoorn},
	TITLE = {The mechanization of the world picture},
	PUBLISHER = {Oxford University Press},
	YEAR = {1969},
}

@book{crombieI,
	AUTHOR = {Crombie, A. C.},
	TITLE = {Styles of scientific thinking in the {E}uropean tradition, volume {I}},
	PUBLISHER = {Duckworth},
	ADDRESS = {London},
	YEAR = {1994},
}

@book{villanovaII,
	EDITOR = {Michael R. McVaugh},
	TITLE = {{Arnaldi de Villanova Opera medica omnia, II: Aphorismi de gradibus}},
	YEAR = {1975},
	PUBLISHER = {Universitat de Barcelona},
}

@article{thermometer,
	TITLE = {The origin of the thermometer},
	AUTHOR = {F. Sherwood Taylor},
	JOURNAL = {Annals of Science},
	YEAR = {1942},
	PAGES = {129--156},
	VOLUME = {5},
	NUMBER = {2},
}

@incollection{grmek,
	AUTHOR = {Grmek, M. D.},
	TITLE = {Santorio, {S}antorio},
	BOOKTITLE = {Dictionary of Scientific Biography, volume 12: Ibn Rushd -- Jean-Servais Stas},
	EDITOR = {Charles Coulston Gillispie},
	YEAR = {1981},
	PAGES = {101--104},
        PUBLISHER = {Charles Scribner's Sons},
        ADDRESS = {New York},}
}

@book{kaye,
	TITLE = {A History of Balance, 1250--1375: The Emergence of a New Model of Equilibrium and its Impact on Thought},
	AUTHOR = {Kaye, Joel},
	PUBLISHER = {Cambridge University Press},
	YEAR = {2014},
}

@incollection{boitani,
	BOOKTITLE = {Petrarch in Britain: Interpreters, Imitators, and Translators over 700 Years},
	EDITOR = {Martin McLaughlin and Letizia Panizza and Peter Hainsworth},
	SERIES = {Proceedings of the British Academy},
	VOLUME = {146},
	YEAR = {2007},
	AUTHOR = {Piero Boitani},
	TITLE = {Petrarch and the `barbari Britanni'},
	PAGES = {9--25},
	PUBLISHER = {Oxford University Press},
	
}

@book{maclean,
	AUTHOR = {Ian Maclean},
	TITLE = {Learning and the Market Place: Essays in the History of the Early Modern Book},
	YEAR = {2009},
	PUBLISHER = {Brill},
	ADDRESS = {Leiden},
}

@incollection{celeyrette,
	SERIES = {Boston Studies in the Philosophy of Science},
	VOLUME = {254},
	YEAR = {2008},
	EDITOR = {Laird, Walter Roy and Roux, Sophie},
	BOOKTITLE = {Mechanics and Natural Philosophy before the Scientific Revolution},
	PUBLISHER = {Springer},
	TITLE = {Bradwardine's Rule: a Mathematical Law?},
	AUTHOR = {Celeyrette, Jean},
	PAGES = {51--66},
}

@book{juschkewitsch,
	AUTHOR = {Juschkewitsch, A. P.},
	PUBLISHER = {Pfalz-Verlag},
	ADDRESS = {Basel},
	TITLE = {{Geschichte der Mathematik in Mittelalter}},
	YEAR = {1964},
	NOTE = {Translated from the Russian by Viktor Ziegler},
}

@book{maierI,
	TITLE = {{Die Vorl\"aufer Galileis im 14. Jahrhundert}},
	AUTHOR = {Maier, Anneliese},
	YEAR = {1949},
	ADDRESS = {Rome},
	PUBLISHER = {Edizioni di Storia e Letteratura},
	NOTE = {Studien zur Naturphilosophie der Sp\"atscholastik, 1. Band},
	CALL = {Gerstein QC7.M25},
}

@book{maierIII,
	TITLE = {{An der Grenze von Scholastik und Naturwissenschaft}},
	AUTHOR = {Maier, Anneliese},
	ADDRESS = {Rome},
	PUBLISHER = {Edizioni di Storia e Letteratura},
	YEAR = {1952},
	EDITION = {second},
	CALL = {St. Mike's B721.M238},
	NOTE = {Studien zur Naturphilosophie der Sp\"atscholastik, 3. Band},
}

@book{ausgehendesI,
	TITLE = {{Ausgehendes Mittelalter: Gesammelte Aufs\"atze zur Geistesgeschichte des 14. Jahrhunderts, 1. Band}},
	AUTHOR = {Maier, Anneliese},
	ADDRESS = {Rome},
	PUBLISHER = {Edizioni di Storia e Letteratura},
	YEAR = {1964},
}

@book{venice1520,
	AUTHOR = {Swineshead, Richard},
	TITLE = {{Calculator. Subtilissimi Ricardi Suiseth Anglici Calculationes noviter emendate atque revise. Questio insuper
	de reactione iuxta Aristotelis sententiam et Commentatoris}},
	PUBLISHER = {Heredes Octaviani Scoti = Eredi di Ottaviano Scoto},
	ADDRESS = {Venice},
	YEAR = {1520},
}

@book{tanay,
	AUTHOR = {Tanay, Dorit Esther},
	TITLE = {Noting music, marking culture: the intellectual context of rhythmic notation, 1250--1400},
	PUBLISHER = {American Institute of Musicology},
	YEAR = {1999},
	SERIES = {Musicological Studies and Documents},
	VOLUME = {46},
}

@book{silano1,
	AUTHOR = {Lombard, Peter},
	TITLE = {{The {\em Sentences}, Book 1: the mystery of the Trinity}},
	PUBLISHER = {Pontifical Institute of Mediaeval Studies},
	ADDRESS = {Toronto},
	NOTE = {Translated from the Latin by Giulio Silano},
	YEAR = {2007},
}

@book{sentences,
	TITLE = {Sententiae in {IV} libris distinctae, volume 1},
	AUTHOR = {Lombard, Peter},
	NOTE = {Edited by Ignatius C. Brady},
	PUBLISHER = {Editiones Collegii S. Bonaventurae ad Claras Aquas},
	ADDRESS =  {Grottaferrata},
	YEAR = {1971},
	EDITION = {third},
}

@book{marenbon1,
	AUTHOR = {Marenbon, John},
	TITLE = {Early medieval philosophy (480--1150): an introduction},
	PUBLISHER = {Routledge},
	YEAR = {1988},
	EDITION = {revised},
}

@book{cardano1,
	EDITOR = {Forrester, John M.},
	TITLE = {{The {\em De subtilitate} of Girolamo Cardano, volume 1}},
	YEAR = {2013},
	PUBLISHER = {Arizona Center for Medieval and Renaissance Studies},
	ADDRESS = {Tempe, AZ}
}

@book{cardano2,
	EDITOR = {Forrester, John M.},
	TITLE = {{The {\em De subtilitate} of Girolamo Cardano, volume 2}},
	YEAR = {2013},
	PUBLISHER = {Arizona Center for Medieval and Renaissance Studies},
	ADDRESS = {Tempe, AZ}
}

@book{weisheipl,
	AUTHOR = {Weisheipl, James A.},
	TITLE = {The development of physical theory in the {M}iddle {A}ges},
	PUBLISHER = {University of Michigan Press},
	YEAR = {1971},
}

@book{duhem,
	AUTHOR = {Duhem, Pierre},
	TITLE = {{\'E}tudes sur {L}\'eonard de {V}inci, troisi\`eme s\'erie: {L}es pr\'ecurseurs parisiens de {G}alil\'ee},
	ADDRESS = {Paris},
	PUBLISHER = {Librairie scientifique A. Hermann et fils},
	YEAR = {1913},
}

@book{bernoulli,
	TITLE = {{Die Werke von Jakob Bernoulli, Band 4: Reihentheorie}},
	EDITOR = {Weil, Andr\'e},
	PUBLISHER = {Springer},
	YEAR = {1993},
}

@incollection{north1,
	AUTHOR = {North, J. D.},
	TITLE = {Natural philosophy in late medieval {O}xford},
	PAGES = {65--102},
	BOOKTITLE = {The History of the {U}niversity of {O}xford. {V}olume {II}: {L}ate Medieval {O}xford},
	EDITOR = {J. I. Catto and Ralph Evans},
	PUBLISHER = {Clarendon Press},
	ADDRESS = {Oxford},
	YEAR = {1992},
}

@incollection{hankinson,
	AUTHOR = {Hankinson, R. J.},
	TITLE = {Philosophy of nature},
	BOOKTITLE = {The Cambridge Companion to Galen},
	EDITOR = {Hankinson, R. J.},
	PAGES = {210--241},
	YEAR = {2008},
	PUBLISHER = {Cambridge University Press},
}

@incollection{north2,
	AUTHOR = {North, J. D.},
	PAGES = {103--174},
	TITLE = {Astronomy and mathematics},
	BOOKTITLE = {The History of the {U}niversity of {O}xford. {V}olume {II}: {L}ate Medieval {O}xford},
	EDITOR = {J. I. Catto and Ralph Evans},
	PUBLISHER = {Clarendon Press},
	ADDRESS = {Oxford},
	YEAR = {1992},
	CALL = {Robarts LF511 .H58},
}

@book{archimedes,
	TITLE = {The works of {A}rchimedes},
	PUBLISHER = {Cambridge University Press},
	AUTHOR = {Heath, T. L.},
	YEAR = {1897},
}

@book{bradwardine,
	AUTHOR = {{Crosby, Jr.},H. Lamar},
	TITLE = {{Thomas of Bradwardine. His {\em Tractatus de Proportionibus}. Its Significance for the of Mathematical Physics}},
	PUBLISHER = {University of Wisconsin Press},
	SERIES = {University of Wisconsin Publications in Medieval Science},
	VOLUME = {2},
	YEAR = {1955},
}

@book{wilson,
	AUTHOR = {Wilson, Curtis},
	TITLE = {William {H}eytesbury: Medieval Logic and the Rise of Mathematical Physics},
	PUBLISHER = {University of Wisconsin Press},
	SERIES = {University of Wisconsin Publications in Medieval Science},
	VOLUME = {3},
	YEAR = {1960},
}

@incollection{singleton,
	AUTHOR = {Clagett, Marshall},
	EDITOR = {Singleton, Charles S.},
	PUBLISHER = {Johns Hopkins Press},
	YEAR = {1967},
	PAGES = {275--303},
	TITLE = {Some novel trends in the science of the fourteenth century},
	BOOKTITLE = {Art, Science, and History in the Renaissance},
}

@book{wallace,
	AUTHOR = {Wallace, William A.},
	TITLE = {Causality and scientific explanation, volume 1},
	YEAR = {1972},
	PUBLISHER = {University of Michigan Press},
}

@book{hardie,
	EDITOR = {Hardie, R. P. and Gaye, R. K.},
	PUBLISHER = {Clarendon Press},
	ADDRESS = {Oxford},
	YEAR = {1930},
	TITLE = {The Works of {A}ristotle, volume {II}: {P}hysica},
}

@article{odington,
	TITLE = {Walter of {O}dington's Mathematical Treatment of the Primary Qualities},
	JOURNAL = {Isis},
	AUTHOR = {Donald Skabelund and Phillip Thomas},
	VOLUME = {60},
	NUMBER = {3},
	YEAR = {1969},
	PAGES = {331--350},
}

@book{aristotle,
	AUTHOR = {Heath, T. L.},
	TITLE = {Mathematics in {A}ristotle},
	PUBLISHER = {Claredon Press},
	ADDRESS = {Oxford},
	YEAR = {1949},
}

@book{euclidII,
	AUTHOR = {Heath, T. L.},
	PUBLISHER = {Dover Publications},
	YEAR = {1956},
	TITLE = {The thirteen books of {E}uclid's {E}lements, volume {II}: {B}ooks {III}-{IX}},
	EDITION = {second},
}

@book{magicIII,
	TITLE = {A history of magic and experimental science, volume {III}},
	AUTHOR = {Thorndike, Lynn},
	PUBLISHER = {Columbia University Press},
	YEAR = {1934},
}

@book{boyer,
	AUTHOR = {Boyer, Carl B.},
	TITLE = {The History of the Calculus and Its Conceptual Development},
	PUBLISHER = {Dover Publications},
	YEAR = {1959},
}

@book{principe,
	TITLE = {The Secrets of Alchemy},
	AUTHOR = {Lawrence M. Principe},
	YEAR = {2013},
	PUBLISHER = {University of Chicago Press},
}

@incollection{jung,
	BOOKTITLE = {Encyclopedia of Medieval Philosophy: Philosophy Between 500 and 1500},
	AUTHOR = {El\.{z}bieta Jung},
	TITLE = {Intension and remission of forms},
	PAGES = {551--555},
	EDITOR = {Henrik Lagerlund},
	PUBLISHER = {Springer},
	YEAR = {2011},
}

@book{clagett1959,
	AUTHOR = {Clagett, Marshall},
	TITLE = {The science of mechanics in the {M}iddle {A}ges},
	SERIES = {University of Wisconsin Publications in Medieval Science},
	VOLUME = {4},
	PUBLISHER = {University of Wisconsin Press},
	YEAR = {1959},
}

@incollection{dictionary,
	AUTHOR = {Murdoch, John E. and Sylla, Edith Dudley},
	TITLE = {{Swineshead, Richard}},
        BOOKTITLE = {Dictionary of Scientific Biography, Volume 13: Hermann Staudinger -- Giuseppe Veronese},
	EDITOR = {Charles Coulston Gillispie},
	YEAR = {1981},
	PAGES = {184--213},
        PUBLISHER = {Charles Scribner's Sons},
        ADDRESS = {New York},
}

@incollection{motion,
	EDITOR = {David C. Lindberg},
	BOOKTITLE = {Science in the Middle Ages},
	PUBLISHER = {University of Chicago Press},
	YEAR = {1978},
	AUTHOR = {Murdoch, John E. and Sylla, Edith D.},
	TITLE = {The Science of Motion},
	PAGES = {206--264},
}

@incollection{murdoch1982,
	AUTHOR = {Murdoch, John E.},
	TITLE = {Infinity and continuity},
	PAGES = {564--592},
        BOOKTITLE = {The Cambridge History of Later Medieval Philosophy},
        EDITOR = {Kretzmann, Norman and Kenny, Anthony and
Pinborg, Jan},
        PUBLISHER = {Cambridge University Press},
        YEAR = {1982},
}

@incollection{elkana,
	TITLE = {Philosophy and the Enterprise of Science in the Later {M}iddle {A}ges},
	AUTHOR = {Murdoch, John E.},
	BOOKTITLE = {The Interaction Between Science and Philosophy},
	YEAR = {1974},
	EDITOR = {Y. Elkana},
	PUBLISHER = {Humanities Press},
	ADDRESS = {Atlantic Highlands, NJ},
	PAGES = {51--74},
}

@book{clagett1968,
        AUTHOR = {Clagett, Marshall},
	TITLE = {{Nicole Oresme and the medieval geometry of qualities and
motions: A treatise on the uniformity and difformity of intensities known as {\em Tractatus de configurationibus qualitatum et motuum}}},
	YEAR = {1968},
	PUBLISHER = {University of Wisconsin Press},
	SERIES = {University of Wisconsin Publications in Medieval Science},
	VOLUME = {12},
}