@book{gee2013,
	AUTHOR = {Gee, Emma},
	TITLE = {Aratus and the astronomical tradition},
	YEAR = {2013},
	PUBLISHER = {Oxford University Press},
}

@book{hipparchus,
	AUTHOR = {Dicks, D. R.},
	TITLE = {The Geographical Fragments of {H}ipparchus},
	PUBLISHER = {University of London, Athlone Press},
	YEAR = {1960},
}

@book{dicks,
	AUTHOR = {Dicks, D. R.},
	TITLE = {Early {G}reek Astronomy to {A}ristotle},
	PUBLISHER = {Thames and Hudson},
	YEAR = {1970},
	SERIES = {Aspects of Greek and Roman Life},
}

@book{firmicus,
	AUTHOR = {Bram, Jean Rhys},
	TITLE  = {{Ancient Astrology, Theory and Practice. Matheseos Libri VIII by Firmicus Maternus}},
	PUBLISHER = {Noyes Press},
	ADDRESS = {Park Ridge, NJ},
	YEAR = {1975},
}

@incollection{minar,
	AUTHOR = {Minar Jr., Edwin L.},
	TITLE = {Cosmic periods in the philosophy of {E}mpedocles},
	PAGES = {39--58},
	EDITOR = {Anton, John P. and Kustas, George L.},
	BOOKTITLE = {Essays in Ancient Greek Philosophy I},
	PUBLISHER = {State University of New York Press},
	YEAR = {2007},
}

@incollection{strobel,
	AUTHOR = {Strobel, August},
	TITLE = {{Weltenjahr, gro{\ss}e Konjunktion und Messiasstern. Ein themageschichtlicher \"Uberblick}},
	EDITOR = {Wolfgang Haase and Hildegard Temporini},
	BOOKTITLE = {{Aufstieg und Niedergang der r\"omischen Welt, II.20.1. Religion (Hellenistisches Judentum in r\"omischer Zeit, ausgenommen Philon und Josephus)}},
	PAGES = {988--1187},
	YEAR = {1987},
	PUBLISHER = {de Gruyter},
}

@book{mensurandi,
	AUTHOR = {Busard, H. L. L.},
	TITLE = {{Johannes de Muris, {\em De arte mensurandi}}},
	YEAR = {1998},
	PUBLISHER = {Franz Steiner Verlag},
	ADDRESS = {Stuttgart},
	SERIES = {Boethius},
	VOLUME = {41},
}

@book{cassiodorus,
	EDITOR = {Jones, Leslie Webber},
	TITLE = {{Cassiodorus: {\em An introduction to divine and human readings}}},
	PUBLISHER = {Columbia University Press},
	SERIES = {Records of Civilization, Sources and Studies},
	VOLUME = {40},
	YEAR = {1946},
}

@book{dodds,
	AUTHOR = {Dodds, E. R.},
	TITLE = {{Proclus: {\em The elements of theology}}},
	PUBLISHER = {Clarendon Press},
	ADDRESS = {Oxford},
	YEAR = {1963},
	EDITION = {second},
}

@book{tacitus,
	TITLE = {{Tacitus: {\em Dialogus de oratoribus}}},
	YEAR = {2001},
	SERIES = {Cambridge Greek and Latin Classics},
	EDITOR = {Roland Mayer},
	PUBLISHER = {Cambridge University Press},
}

@book{constellations,
	AUTHOR = {Hard, Robin},
	SERIES = {Oxford World's Classics},
	PUBLISHER = {Oxford University Press},
	YEAR = {2015},
	TITLE = {{Eratosthenes and Hyginus: Constellation Myths, with Aratus's {\em Phaenomena}}},
}

@book{obrien,
	AUTHOR = {O'Brien, Denis},
	TITLE = {Empedocles' Cosmic Cycle},
	SERIES = {Cambridge Classical Studies},
	PUBLISHER = {Cambridge University Press},
	YEAR = {1969},
}

@book{manilius,
	AUTHOR = {G. P. Goold},
	TITLE = {{Manilius: {\em Astronomica}}},
	SERIES = {Loeb Classical Library},
	NUMBER = {469},
	YEAR = {1977},
	PUBLISHER = {Harvard University Press},
}

@book{moraliaVII,
	AUTHOR = {Phillip H. De Lacy and Benedict Einarson},
	SERIES = {Loeb Classical Library},
	PUBLISHER = {Harvard University Press},
	TITLE = {{Plutarch: {\em Moralia}, volume VII}},
	NUMBER = {405},
	YEAR = {1959},
}

@book{aelian,
	AUTHOR = {N. G. Wilson},
	SERIES = {Loeb Classical Library},
	PUBLISHER = {Harvard University Press},
	TITLE = {{Aelian: {\em Historical Miscellany}}},
	NUMBER = {486},
	YEAR = {1997},
}

@book{dahlberg,
	NOTE =  {Translated by Charles Dahlberg},
	TITLE = {The Romance of the Rose},
	AUTHOR = {Lorris, Guillaume de and Meun, Jean de},
	PUBLISHER = {Princeton University Press},
	YEAR = {1971},
}

@book{essentiis,
	AUTHOR = {Burnett, Charles},
	TITLE = {{Hermann of Carinthia {\em De essentiis}: a critical edition with translation
	and commentary}},
	PUBLISHER = {E. J. Brill},
	ADDRESS = {Leiden},
	YEAR = {1982},
	SERIES = {Studien und Texte Zur Geistesgeschichte des Mittelalters},
	VOLUME = {15},
}

@book{longsedleyI,
	AUTHOR = {Long, A. A. and Sedley, D. N.},
	TITLE = {The {H}ellenistic Philosophers. {V}olume 1: Translations of the principal sources, with philosophical commentary},
	PUBLISHER = {Cambridge University Press},
	YEAR = {1987},
}

@book{kerenyi,
	AUTHOR = {Ker\'enyi, C.},
	TITLE = {The Gods of the {G}reeks},
	PUBLISHER = {Thames and Hudson},
	ADDRESS = {London},
	YEAR = {1951},
}

@book{heraclitus,
	AUTHOR = {Kirk, G. S.},
	TITLE = {{Heraclitus: {\em The Cosmic Fragments}}},
	PUBLISHER = {Cambridge University Press},
	YEAR = {1962},
}

@book{philolaus,
	AUTHOR = {Huffman, Carl A.},
	TITLE = {Philolaus of {C}roton: {P}ythagorean and {P}resocratic},
	YEAR = {2006},
	PUBLISHER = {Cambridge University Press},
}

@book{phoenix,
	AUTHOR = {Broek, R. van den},
	TITLE = {The myth of the phoenix according to classical and early {C}hristian traditions},
	PUBLISHER = {E. J. Brill},
	YEAR = {1972},
	ADDRESS = {Leiden},
	SERIES = {\'Etudes pr\'eliminaires aux religions orientales dans l'Empire romain},
	VOLUME = {24},
}

@book{alcinous,
	AUTHOR = {Dillon, John},
	TITLE = {{Alcinous: {\em The Handbook of Platonism}}},
	PUBLISHER = {Clarendon Press},
	ADDRESS = {Oxford},
	YEAR = {1993},
	SERIES = {Clarendon Later Ancient Philosophers},
}

@book{gellius,
	AUTHOR = {Rolfe, John C.},
	TITLE = {{Aulus Gellius: {\em Attic Nights}, Books 14--20}},
	PUBLISHER = {Harvard University Press},
	SERIES = {Loeb Classical Library},
	NUMBER = {212},
	YEAR = {1927},
}

@book{pliny,
	AUTHOR = {Rackham, H.},
	TITLE = {{Pliny: {\em Natural History}, Books 1--2}},
	SERIES = {Loeb Classical Library},
	NUMBER = {330},
	PUBLISHER = {Harvard University Press},
	YEAR = {1949},
}

@book{walbankII,
	AUTHOR = {Walbank, F. W.},
	TITLE = {{A Historical Commentary on Polybius, Volume II: Commentary on Books VII--XVIII}},
	PUBLISHER = {Clarendon Press},
	ADDRESS = {Oxford},
	YEAR = {1967},
}

@book{tetrabiblos,
	TITLE = {{Ptolemy: {\em Tetrabiblos}}},
	SERIES = {Loeb Classical Library},
	NUMBER = {435},
	AUTHOR = {Robbins, F. E.},
	PUBLISHER = {Harvard University Press},
	YEAR = {1940},
}

@book{bede,
	AUTHOR = {Faith Wallis},
	TITLE = {Bede: {\em The Reckoning of Time}},
	PUBLISHER = {Liverpool University Press},
	YEAR = {1999},
	SERIES = {Translated Texts for Historians},
	VOLUME = {29},
}

@book{censorinus,
	AUTHOR = {Parker, Holt N.},
	TITLE = {{Censorinus: {\em The birthday book}}},
	PUBLISHER = {University of Chicago Press},
	YEAR = {2007},
}

@book{isidore,
	AUTHOR = {{The {\em Etymologies} of Isidore of Seville}},
	TITLE = {Stephen A. Barney and W. J. Lewis and J. A. Beach and Oliver Berghof},
	PUBLISHER = {Cambridge University Press},
	YEAR = {2006},
}

@book{macrobius,
	AUTHOR = {Stahl, William Harris},
	PUBLISHER = {Columbia University Press},
	YEAR = {1952},
	TITLE = {{Macrobius: {\em Commentary on the Dream of Scipio}}},
	SERIES = {Records of Civilization, Sources and Studies},
	VOLUME = {48},
}

@book{chaucer,
	EDITOR = {Benson, Larry D.},
	TITLE = {{The Riverside Chaucer}},
	PUBLISHER = {Oxford University Press},
	YEAR = {2008},
	EDITION = {third},
}

@article{travis,
	TITLE = {Chaucer's {{\em Chronographiae}}, the Confounded Reader, and Fourteenth-Century Measurements of Time},
	PAGES = {1--34},
	AUTHOR = {Travis, Peter W.},
	YEAR = {1997},
	VOLUME = {2},
	JOURNAL = {Disputatio},
}

@incollection{knorr,
	BOOKTITLE = {Ratio. VII Colloquio Internazionale del Lessico Intellettuale Europeo},
	PAGES = {1--35},
	AUTHOR = {Knorr, W. R.},
	EDITOR = {M. Fattori and M. L. Bianchi},
	YEAR = {1994},
	ADDRESS = {Florence},
	PUBLISHER = {L. S. Olschki},
	TITLE = {On the Term {\em Ratio} in Early Mathematics},
}

@article{blasius,
	TITLE  = {{L'irrationalit\'e de la diagonale et du c\^ot\'e d'un m\^eme carr\'e dans les {\em Questions} de Biaise de Parme sur le {\em Trait\'e des rapports de Bradwardine}}},
	AUTHOR = {Rommevaux, Sabine},
	PAGES = {401--418},
	JOURNAL = {Revue d'histoire des sciences},
	YEAR = {2003},
	VOLUME = {56},
	NUMBER = {2},
}

@incollection{hugonnard,
	AUTHOR = {Hugonnard-Roche, Henri},
	TITLE = {{Modalit\'es et argumentation chez Nicole Oresme}},
	EDITOR = {P. Souffrin and A. Ph. Segons},
	BOOKTITLE = {Nicolas Oresme. Tradition et innovation chez un intellectuel du XIVe si\`ecle},
	PAGES = {145--163},
	YEAR = {1988},
	PUBLISHER = {Les Belles Lettres},
	ADDRESS = {Paris},
}

@book{wallingford,
	TITLE = {God's Clockmaker: {R}ichard of {W}allingford and the Invention of Time},
	AUTHOR = {North, John},
	PUBLISHER = {Hambledon and London},
	ADDRESS = {London},
	YEAR = {2004},
}

@book{north,
	AUTHOR = {North, John},
	TITLE = {Stars, Minds and Fate: Essays in Ancient and Medieval Cosmology},
	YEAR = {2003},
	PUBLISHER = {Bloomsbury Academic},
}

@book{euclidIII,
	AUTHOR = {Heath, T. L.},
	PUBLISHER = {Dover Publications},
	EDITION = {second},
	TITLE = {The thirteen books of {E}uclid's {E}lements, volume {III}: {B}ooks {X}-{XIII}},
	YEAR = {1956},
}

@book{barker,
	AUTHOR = {Barker, Andrew},
	YEAR = {2004},
	TITLE = {Greek Musical Writings, vol. {II}: Harmonic and Acoustic Theory},
	SERIES = {Cambridge Readings in the Literature of Music},
	PUBLISHER = {Cambridge University Press},
}

@book{szabo,
	AUTHOR = {Szab\'o, \'Arp\'ad},
	TITLE = {The beginnings of {G}reek mathematics},
	PUBLISHER = {D. Reidel Publishing Company},
	ADDRESS = {Dordrecht},
	VOLUME = {17},
	SERIES = {Sythese Historical Library},
	YEAR = {1978},
	NOTE = {Translated from the German by A. M. Ungar},
}

@book{veenstra,
	AUTHOR = {Veenstra, Jan R.},
	TITLE = {{Magic and divination at the courts of Burgundy and France: text and content of Lauren Pignon's {\em Contre les devineurs} (1411)}},
	PUBLISHER = {Brill},
	ADDRESS = {Leiden},
	SERIES = {Brill's Studies in Intellectual History},
	VOLUME = {83},
	YEAR = {1998},
}

@book{greekI,
	AUTHOR = {Heath, T. L.},
	TITLE = {A History of {G}reek Mathematics, volume {I}},
	PUBLISHER = {Dover Publications},
	YEAR = {1981},
}

@book{magicIII,
	TITLE = {A history of magic and experimental science, volume {III}},
	AUTHOR = {Thorndike, Lynn},
	PUBLISHER = {Columbia University Press},
	YEAR = {1934},
}

@book{burton,
	TITLE = {{Nicole Oresme's {\em De Visione Stellarum}}},
	EDITOR = {Burton, Dan},
	PUBLISHER = {Brill},
	ADDRESS = {Leiden},
	YEAR = {2007},
	SERIES = {Medieval and Early Modern Science},
	VOLUME = {7},
}

@book{hansen,
	TITLE = {{Nicole Oresme and the marvels of nature: a study of his {\em De causis mirabilium} with critical edition, translation, and commentary}},
	AUTHOR = {Bert Hansen},
	YEAR = {1985},
	PUBLISHER = {Pontifical Institute of Mediaeval Studies},
	ADDRESS = {Toronto},
	SERIES = {Studies and Texts},
	VOLUME = {68},
}

@book{pedersen,
	TITLE = {Early Physics and Astronomy: A Historical Introduction},
	AUTHOR = {Pedersen, Olaf},
	PUBLISHER = {Cambridge University Press},
	YEAR = {1993},
}

@book{euclidII,
	AUTHOR = {Heath, T. L.},
	PUBLISHER = {Dover Publications},
	YEAR = {1956},
	TITLE = {The thirteen books of {E}uclid's {E}lements, volume {II}: {B}ooks {III}-{IX}},
	EDITION = {second},
}

@book{kaye,
	TITLE = {A History of Balance, 1250--1375: The Emergence of a New Model of Equilibrium and
	its impact on thought},
	AUTHOR = {Kaye, Joel},
	PUBLISHER = {Cambridge University Press},
	YEAR = {2014},
}

@book{grant1971,
	EDITOR = {Grant, Edward},
	TITLE = {{Nicole Oresme and the kinematics of circular motion, {\em Tractatus de commensurabilitate vel incommensurabilitate motuum celi}}},
	YEAR = {1971},
	PUBLISHER = {University of Wisconsin Press},
	VOLUME = {15},
	SERIES = {University of Wisconsin Publications in Medieval Science},
}

@book{fowler1999,
	AUTHOR = {Fowler, David},
	TITLE = {The mathematics of {P}lato's {A}cademy: a new reconstruction},
	EDITION = {second},
	YEAR = {1999},
	PUBLISHER = {Clarendon Press},
	ADDRESS = {Oxford},
}

@article {fowler,
    AUTHOR = {Fowler, D. H.},
     TITLE = {Ratio in early {G}reek mathematics},
   JOURNAL = {Bull. Amer. Math. Soc. (N.S.)},
  FJOURNAL = {American Mathematical Society. Bulletin. New Series},
    VOLUME = {1},
      YEAR = {1979},
    NUMBER = {6},
     PAGES = {807--846},
}

@incollection{murdoch1963,
	AUTHOR = {Murdoch, John E.},
	TITLE = {The medieval language of proportions: Elements of the interaction
	with {G}reek foundations and the development of new mathematical
	techniques},
	ADDRESS = {London},
	PUBLISHER = {Heinemann},
	YEAR = {1963},
	EDITOR = {Crombie, A. C.},
	BOOKTITLE = {Scientific Change},
	CALL = {Gerstein Q125.S95},
}

@article{ivor,
	AUTHOR = {Grattan-Guinness, Ivor},
	TITLE = {Numbers, Magnitudes, Ratios, and Proportions in {E}uclid's
{{\em Elements}}: How Did He Handle Them?},
	JOURNAL = {Historia Math.},
	VOLUME = {23},
	YEAR = {1996},
	PAGES = {355--375},
}

@article{grant1960,
	AUTHOR = {Grant, Edward},
	TITLE = {{Nicole Oresme and his {\em De proportionibus proportionum}}},
	JOURNAL = {Isis},
	VOLUME = {51},
	NUMBER = {3},
	YEAR = {1960},
	PAGES = {293--314},
}

@book{grant1974,
	EDITOR = {Grant, Edward},
	TITLE = {A Source Book in Medieval Science},
	YEAR = {1974},
	PUBLISHER = {Harvard University Press},
}

@incollection{dictionary,
	AUTHOR = {Clagett, Marshall},
	TITLE = {Nicole {O}resme},
        BOOKTITLE = {Dictionary of Scientific Biography, Volume 10: S. G. Navashin--W. Piso},
	EDITOR = {Charles Coulston Gillispie},
	YEAR = {1970},
	PAGES = {223--230},
        PUBLISHER = {Charles Scribner's Sons},
        ADDRESS = {New York},
}

@article{courtenay,
	AUTHOR = {Courtenay, William J.},
	TITLE = {The early career of {N}icole {O}resme},
	JOURNAL = {Isis},
	YEAR = {2000},
	VOLUME = {91},
	NUMBER = {3},
	PAGES = {542--548},
}

@book{proportionibus,
	EDITOR = {Grant, Edward},
	TITLE = {{Nicole Oresme, {\em De proportionibus proportionum} and {\em Ad pauca respicientes}}},
	YEAR = {1966},
	PUBLISHER = {University of Wisconsin Press},
	VOLUME = {8},
	SERIES = {University of Wisconsin Publications in Medieval Science},
}

@book{aristarchus,
	AUTHOR = {Heath, T. L.},
	TITLE = {Aristarchus of {S}amos, the ancient {C}opernicus},
	YEAR = {1913},
	PUBLISHER = {Clarendon Press},
	ADDRESS = {Oxford},
}

@book{neugebauer,
	TITLE = {A History of Ancient Mathematical Astronomy},
	YEAR = {1975},
	AUTHOR = {Neugebauer, Otto},
	PUBLISHER = {Springer},
	SERIES = {Studies in the History of Mathematics and Physical Sciences},
	VOLUME = {1},
}

@book{clagett1968,
        AUTHOR = {Clagett, Marshall},
	TITLE = {{Nicole Oresme and the medieval geometry of qualities and motions: A treatise on the uniformity and difformity of intensities known as {\em Tractatus 
	de configurationibus qualitatum et motuum}}},
	YEAR = {1968},
	PUBLISHER = {University of Wisconsin Press},
	SERIES = {University of Wisconsin Publications in Medieval Science},
	VOLUME = {12},
}

@incollection{gee,
	AUTHOR = {Gee, Emma},
	TITLE = {Cicero's poetry},
	PAGES = {88--106},
	EDITOR = {Steel, C. E. W.},
	BOOKTITLE = {The Cambridge Companion to Cicero},
	PUBLISHER = {Cambridge University Press},
	YEAR = {2013},
}

@book{pesic2014,
	TITLE = {Music and the Making of Modern Science},
	AUTHOR = {Pesic, Peter},
	PUBLISHER = {The MIT Press},
	YEAR = {2014},
}

@book{ciel,
	EDITOR = {Menut, Albert D. and Denomy, Alexander, J.},
	TITLE = {{Nicole Oresme, {\em Le Livre du ciel et du monde}}},
	YEAR = {1968},
	PUBLISHER = {University of Wisconsin Press},
	SERIES = {University of Wisconsin Publications in Medieval Science},
	VOLUME = {11},
}

@book{franklin,
	AUTHOR = {Franklin, James},
	TITLE = {The Science of Conjecture: Evidence and Probability Before {P}ascal},
	YEAR = {2001},
	PUBLISHER = {John Hopkins University Press},
}

@article {ineichen,
    AUTHOR = {Ineichen, Robert},
     TITLE = {``{E}s ist wie bei den {S}pielen''---{N}icole {O}resme und
              sein {B}eitrag in der {V}orgeschichte der {S}tochastik},
   JOURNAL = {NTM (N.S.)},
  FJOURNAL = {NTM Neue Serie. Internationale Zeitschrift f\"ur Geschichte
              und Ethik der Naturwissenschaften, Technik und Medizin. New
              Series. International Journal of History and Ethics of Natural
              Sciences, Technology and Medicine},
    VOLUME = {9},
      YEAR = {2001},
    NUMBER = {3},
     PAGES = {137--151},
}

@book{timaeus,
	AUTHOR = {Cornford, F. M.},
	TITLE = {Plato's cosmology: the {{\em Timaeus}} of {P}lato translated, with a running commentary},
	YEAR = {1937},
	PUBLISHER = {Kegan Paul},
	ADDRESS = {London},
}

@article {vonplato1993,
    AUTHOR = {von Plato, Jan},
     TITLE = {Oresme's proof of the density of rotations of a circle through
              an irrational angle},
   JOURNAL = {Historia Math.},
  FJOURNAL = {Historia Mathematica},
    VOLUME = {20},
      YEAR = {1993},
    NUMBER = {4},
     PAGES = {428--433},
}

@article{bellhouse,
	TITLE = {{\em De Vetula}: A Medieval Manuscript Containing Probability Calculations},
	AUTHOR = {Bellhouse, D. R.},
	JOURNAL = {International Statistical Review},
	YEAR = {2000},
	VOLUME = {68},
	NUMBER = {2},
	PAGES = {123--136},
}

@book{busard2010,
	TITLE = {{Nicole Oresme, {\em Questiones super geometriam Euclidis}}},
	YEAR = {2010},
	EDITOR = {Busard, H. L. L.},
	PUBLISHER = {Franz Steiner Verlag},
	ADDRESS = {Stuttgart},
}

@article {meusnier,
    AUTHOR = {Meusnier, Norbert},
     TITLE = {\`{A} propos d'une controverse au sujet de l'interpr\'etation
              d'un th\'eor\`eme ``probabiliste'' de {N}icole {O}resme},
   JOURNAL = {J. \'Electron. Hist. Probab. Stat.},
  FJOURNAL = {Journal \'Electronique d'Histoire des Probabilit\'es et de la
              Statistique. Electronic Journal for History of Probability and
              Statistics},
    VOLUME = {3},
      YEAR = {2007},
    NUMBER = {1},
     PAGES = {5},
}

@article{small,
	AUTHOR = {Robin Small},
	JOURNAL = {Journal of the History of Ideas},
	VOLUME = {52},
	NUMBER = {1},
	YEAR = {1991},
	PAGES = {121--137},
	TITLE = {Incommensurability and Recurrence: From {O}resme to {S}immel},
}