@book{amazing,
	AUTHOR = {J\"oran Friberg},
	PUBLISHER = {World Scientific},
	TITLE = {Amazing Traces of a {B}abylonian Origin in {G}reek Mathematics},
	YEAR = {2007},
}

@book{festa,
	TITLE = {{Iamblichi de communi mathematica scientia liber}},
	EDITOR = {Festa, Nicola},
	PUBLISHER = {B. G. Teubner},
	ADDRESS = {Lipsiae},
	YEAR = {1891},
}

@book{euclidisV,
	PUBLISHER = {B. G. Teubner},
	ADDRESS = {Lipsiae},
	TITLE = {{Euclidis Opera omnia, vol. V}},
	EDITOR = {Heiberg, J. L.},
	YEAR = {1888},
}

@book{klein,
	AUTHOR = {Klein, Jacob},
	TITLE = {{A Commentary on Plato's {\em Meno}}},
	PUBLISHER = {University of Chicago Press},
	YEAR = {1989},
}

@book{philoponus1,
	TITLE = {{Philoponus: On Aristotle On the Soul 2.1--6}},
	AUTHOR = {Charlton, William},
	PUBLISHER = {Bloomsbury},
	YEAR = {2005},
	SERIES = {Ancient Commentators on Aristotle},
}

@book{divisions,
	AUTHOR = {Archibald, Raymond Clare},
	TITLE = {Euclid's Book on Division of Figures, with a Restoration Based on {W}oepcke's Text and on the {{\em Practica Geometriae} of Leonardo Pisano}},
	PUBLISHER = {Cambridge University Press},
	YEAR = {1915},
}

@article{dalimier,
	AUTHOR = {Dalimier, Catherine},
	TITLE = {Apollonios {D}yscole sur la fonction des conjonctions expl\'etives},
	JOURNAL = {Revue des \'Etudes Grecques},
	VOLUME = {112},
	PAGES = {719--730},
	YEAR = {1999},
}

@book{becker,
	AUTHOR = {Becker, Oskar},
	TITLE = {{Das mathematische Denken der Antike}},
	EDITION = {second},
	YEAR = {1966},
	PUBLISHER = {Vandenhoeck \& Ruprecht},
	ADDRESS = {G\"ottingen},
	SERIES = {Studienhefte zur Altertumswissenschaft},
	VOLUME = {3},
}

@book{hermann,
	EDITOR = {Busard, H. L. L.},
	TITLE = {{The translation of the Elements of Euclid from the Arabic into Latin by Hermann of Carinthia (?)}},
	PUBLISHER = {Brill},
	ADDRESS = {Leiden},
	YEAR = {1968},
}

@book{adelardI,
	EDITOR = {Busard, H. L. L.},
	TITLE = {{The first Latin translation of Euclid's {\em Elements} commonly ascribed to
	Adelard of Bath}},
	PUBLISHER = {Pontifical Institute of Mediaeval Studies},
	ADDRESS = {Toronto},
	SERIES = {Studies and Texts},
	VOLUME = {64},
	YEAR = {1983},
}

@book{adelardII,
	EDITOR = {Busard, Hubert L. L. and Folkerts, Menso},
	TITLE = {Robert of {C}hester's (?) redaction of {E}uclid's {{\em Elements}},
the so-called {Adelard II} version. {Volume I}},
	SERIES = {Science Networks. Historical Studies},
	VOLUME = {8},
	PUBLISHER = {Springer Basel AG},
	YEAR = {1992},
}

@book{adelardIII,
	EDITOR = {Busard, H. L. L.},
	TITLE = {{Johannes de Tinemue's redaction of Euclid's Elements, the so-called
	Adelard III version}},
	PUBLISHER = {Franz Steiner Verlag},
	ADDRESS  = {Stuttgart},
	SERIES = {Boethius: Texte und Abhandlungen zur Geschichte der Mathematik und der Naturwissenschaften},
	VOLUME = {45,1},
	YEAR = {2001},
}

@book{campanusI,
	TITLE = {{Campanus of Novara and Euclid's {\em Elements}, volume I}},
	EDITOR = {Busard, H. L. L.},
	PUBLISHER = {Franz Steiner Verlag},
	ADDRESS = {Stuttgart},
	YEAR = {2005},
}

@book{alnayriziI,
	AUTHOR = {Lo Bello, Anthony},
	TITLE = {{The Commentary of al-Nayrizi on Book I of Euclid's {\em Elements of Geometry},
	with an Introduction on the Transmission of Euclid's {\em Elements} in the Middle Ages}},
	PUBLISHER = {Brill},
	YEAR = {2003},
	SERIES = {Ancient Mediterranean and Medieval Texts and Contexts},
	VOLUME = {1},
}

@book{gerard,
	AUTHOR = {Lo Bello, Anthony},
	TITLE = {{Gerard of Cremona's translation of the commentary of al-Nayrizi on Book I of Euclid's {\em Elements of Geometry}}},
	PUBLISHER = {Brill},
	YEAR = {2003},
	SERIES = {Ancient Mediterranean and Medieval Texts and Contexts},
	VOLUME = {2},
}

@book{albertus,
	AUTHOR = {Lo Bello, Anthony},
	TITLE = {{The Commentary of Albertus Magnus on Book I of Euclid's {\em Elements of Geometry}}},
	PUBLISHER = {Brill},
	YEAR = {2003},
	SERIES = {Ancient Mediterranean and Medieval Texts and Contexts},
	VOLUME = {3},
}

@book{szabo,
	AUTHOR = {Szab\'o, \'Arp\'ad},
	TITLE = {The beginnings of {G}reek mathematics},
	PUBLISHER = {D. Reidel Publishing Company},
	ADDRESS = {Dordrecht},
	VOLUME = {17},
	SERIES = {Sythese Historical Library},
	YEAR = {1978},
	NOTE = {Translated from the German by A. M. Ungar},
}

@book{vitracI,
	AUTHOR = {Vitrac, Bernard and Caveing, Maurice},
	TITLE = {{Euclide d'Alexandrie. Les \'El\'ements. Volume 1: Introduction g\'en\'erale et Livres I--IV}},
	PUBLISHER = {Presses Universitaires de France},
	ADDRESS = {Paris},
	YEAR = {1990},
	SERIES = {Biblioth\`eque d'histoire des sciences},
}

@incollection{berggren,
	AUTHOR = {Berggren, J. Lennart},
	TITLE = {Mathematics in Medieval {Islam}},
	PAGES = {515--675},
	EDITOR = {Katz, Victor},
	BOOKTITLE = {{The Mathematics of Egypt, Mesopotamia, China, India, and Islam: A Sourcebook}},
	PUBLISHER = {Princeton University Press},
	YEAR = {2007},
}

@book{pappus7a,
	TITLE =  {{Pappus of Alexandria. Book 7 of the {\em Collection}. Part 1. Introduction, Text, and Translation}},
	EDITOR = {Jones, Alexander},
	PUBLISHER = {Springer},
	SERIES = {Sources in the History of Mathematics and Physical Sciences},
	VOLUME = {8},
	YEAR = {1986},
}

@book{knorr,
	TITLE = {The Ancient Tradition of Geometric Problems},
	AUTHOR = {Knorr, Wilbur Richard},
	YEAR = {2012},
	PUBLISHER = {Dover Publications},
}

@book{guthrie,
	AUTHOR = {Guthrie, W. K. C.},
	TITLE = {{Plato, Protagoras and Meno}},
	PUBLISHER = {Penguin Books},
	SERIES = {Penguin Classics},
	YEAR = {1956},
}

@book{bluck,
	AUTHOR = {Bluck, R. S.},
	TITLE = {{Plato's Meno}},
	PUBLISHER = {Cambridge University Press},
	YEAR = {1961},
}

@book{cornfordrepublic,
	AUTHOR = {Cornford, Francis Macdonald},
	PUBLISHER = {Oxford University Press},
	YEAR = {1941},
	TITLE = {The {{\em Republic}} of {P}lato, translated with introduction and notes},
}

@book{timaeus,
	AUTHOR = {Cornford, Francis Macdonald},
	TITLE = {Plato's cosmology: the {{\em Timaeus}} of {P}lato translated, with a running commentary},
	YEAR = {1937},
	PUBLISHER = {Kegan Paul},
	ADDRESS = {London},
}

@incollection{hippias,
	AUTHOR = {Waterfield, Robin},
	TITLE = {{Hippias Major and Hippias Minor}},
	EDITOR = {Saunders, Trevor J.},
	PAGES = {211--293},
	BOOKTITLE = {{Plato, Early Socratic Dialogues}},
	PUBLISHER = {Penguin Books},
	SERIES = {Penguin Classics},
	YEAR = {2005},
}

@book{netz,
	AUTHOR = {Netz, Reviel},
	TITLE = {The shaping of deduction in {G}reek mathematics: a study in cognitive history},
	PUBLISHER = {Cambridge University Press},
	YEAR = {1999},
	SERIES = {Ideas in Context},
	VOLUME = {51},
}

@book{data,
	TITLE = {{Euclid's {\em Data}}, or The Importance of Being Given},
	AUTHOR = {Taisbak, Christian Marinus},
	PUBLISHER = {Museum Tusculanum Press},
	ADDRESS = {Copenhagen},
	SERIES = {Acta Historica Scientiarum Naturalium et Medicinalium},
	VOLUME = {45},
	YEAR = {2010},
}

@article{taisbak2003,
	AUTHOR = {Taisbak, Christian Marinus},
	TITLE = {Exceeding and Falling Short: Elliptical and Hyperbolical Application of Areas},
	JOURNAL = {Science in Context},
	VOLUME = {16},
	NUMBER = {3},
	PAGES = {299--318},
	YEAR = {2003},
}

@book{mugler,
	AUTHOR = {Mugler, Charles},
	TITLE = {{Dictionnaire historique de la terminologie g\'eom\'etrique des Grecs}},
	PUBLISHER = {Librairie C. Klincksieck},
	YEAR = {1958},
	ADDRESS = {Paris},
	SERIES = {\'Etudes et commentaires},
	VOLUME = {XXVIII},
}

@book{LCL335,
	SERIES = {Loeb Classical Library},
	NUMBER = {362},
	EDITOR = {Thomas, Ivor},
	YEAR = {1991},
	PUBLISHER = {Harvard University Press},
	TITLE = {Greek Mathematics, volume {I}},
}

@book{LCL428,
	AUTHOR = {Einarson, Benedict and De Lacy, Phillip H.},
	SERIES = {Loeb Classical Library},
	NUMBER = {428},
	TITLE = {{Plutarch, Moralia, volume XIV}},
	PUBLISHER = {Harvard University Press},
	YEAR = {1967},
}

@book{aristotle,
	AUTHOR = {Heath, Thomas L.},
	TITLE = {Mathematics in {A}ristotle},
	PUBLISHER = {Claredon Press},
	ADDRESS = {Oxford},
	YEAR = {1949},
}

@book{mueller,
	AUTHOR = {Mueller, Ian},
	TITLE = {Philosophy of Mathematics and Deductive Structure in {Euclid's {\em Elements}}},
	PUBLISHER = {Dover Publications},
	YEAR = {2006},
}

@book{burkert,
	TITLE = {Lore and Science in Ancient {P}ythagoreanism},
	AUTHOR = {Burkert, Walter},
	NOTE = {Translated from the German by Edwin L. Minar, Jr.},
	PUBLISHER = {Harvard University Press},
	YEAR = {1972},
}

@book{proclus,
	AUTHOR = {Morrow, Glenn R.},
	TITLE = {{Proclus: A Commentary on the First Book of Euclid's {\em Elements}}},
	PUBLISHER = {Princeton University Press},
	YEAR = {1992},
}

@book{euclidI,
	AUTHOR = {Heath, Thomas L.},
	PUBLISHER = {Dover Publications},
	EDITION = {second},
	TITLE = {The thirteen books of {E}uclid's {E}lements, volume {I}: {B}ooks {I}-{II}},
	YEAR = {1956},
}