@incollection{moran,
	AUTHOR = {Moran, Bill},
	TITLE = {Mathematics of radar},
	BOOKTITLE = {Twentieth Century Harmonic Analysis - A Celebration},
	EDITOR = {Byrnes, James S.},
	NOTE = {NATO Science Series, II. Mathematics, Physics and Chemistry - Vol. 33},
	PUBLISHER = {Kluwer Academic Publishers},
	PAGES = {295--328},
	YEAR = {2001},
}

@book{levanon,
        AUTHOR = {Levanon, Nadav and Mozeson, Eli},
        TITLE = {Radar Signals},
        PUBLISHER = {John Wiley \& Sons},
        YEAR = {2004},
}

@article{status,
	AUTHOR = {Golomb, Solomon W. and Gong, Guang},
	TITLE = {The status of {C}ostas arrays},
	JOURNAL = {IEEE Trans. Inform. Theory},
	YEAR = {2007},
	VOLUME = {53},
	NUMBER = {11},
	PAGES = {4260--4265},
}

@book{MR2246267,
     TITLE = {Handbook of combinatorial designs},
    SERIES = {Discrete Mathematics and its Applications},
    EDITOR = {Colbourn, Charles J. and Dinitz, Jeffrey H.},
   EDITION = {Second},
 PUBLISHER = {Chapman \& Hall/CRC},
	ADDRESS = {Boca Raton, FL},
      YEAR = {2007},
     PAGES = {xxii+984},
      ISBN = {978-1-58488-506-1; 1-58488-506-8},
}

@article{review,
        AUTHOR = {Drakakis, Konstantinos},
        TITLE = {A review of {C}ostas arrays},
        JOURNAL =  {J. Appl. Math.},
        YEAR = {2006},
        PAGES = {1--32},
        VOLUME = {2006},
	NOTE = {Article ID 26385},
}
