@article {MR1665811,
    AUTHOR = {Guey, Jiann-Ching and Bell, Mark R.},
     TITLE = {Diversity waveform sets for delay-{D}oppler imaging},
   JOURNAL = {IEEE Trans. Inform. Theory},
  FJOURNAL = {Institute of Electrical and Electronics Engineers.
              Transactions on Information Theory},
    VOLUME = {44},
      YEAR = {1998},
    NUMBER = {4},
     PAGES = {1504--1522},
      ISSN = {0018-9448},
     CODEN = {IETTAW},
   MRCLASS = {94A12},
       DOI = {10.1109/18.681325},
       URL = {http://dx.doi.org/10.1109/18.681325},
}


@article {MR2143454,
    AUTHOR = {Niederreiter, Harald and Winterhof, Arne},
     TITLE = {Cyclotomic {$\mathscr{R}$}-orthomorphisms of finite fields},
   JOURNAL = {Discrete Math.},
  FJOURNAL = {Discrete Mathematics},
    VOLUME = {295},
      YEAR = {2005},
    NUMBER = {1-3},
     PAGES = {161--171},
      ISSN = {0012-365X},
     CODEN = {DSMHA4},
   MRCLASS = {11Bxx (05Bxx)},
}

@article{davies,
	AUTHOR = {Davies, D. Huw},
	TITLE = {On the density of {C}ostas arrays},
	JOURNAL = {IEEE Trans. Inform. Theory},
	VOLUME = {},
	PAGES = {},
	YEAR = {1989},
}

@article{drakakis,
	AUTHOR = {Drakakis, Konstantinos},
	TITLE = {A review of {C}ostas arrays},
	JOURNAL =  {J. Appl. Math.},
	YEAR = {2006},
	PAGES = {1--32},
	VOLUME = {2006},
}

@article {MR2114660,
    AUTHOR = {Brent, Richard P. and Larvala, Samuli and Zimmermann, Paul},
     TITLE = {A primitive trinomial of degree 6972593},
   JOURNAL = {Math. Comp.},
  FJOURNAL = {Mathematics of Computation},
    VOLUME = {74},
      YEAR = {2005},
    NUMBER = {250},
     PAGES = {1001--1002},
      ISSN = {0025-5718},
     CODEN = {MCMPAF},
   MRCLASS = {11C08 (12E10)},
MRREVIEWER = {Samuel S. Wagstaff, Jr.},
}

@article{beard,
	TITLE = {Costas Array Generation and Search Methodology},
	AUTHOR = {James K. Beard and Jon C. Russo and Keith G. Erickson and Michael
	C. Monteleone and Michael T. Wright},
	JOURNAL = {IEEE Trans. Aerospace Electron. Systems},
	VOLUME = {43},
	NUMBER = {2},
	YEAR = {2007},
	PAGES = {522--536},
}

@inproceedings{chae2004,
	AUTHOR = {Chae, Su-Chang and Park, Yun-Ok},
	TITLE = {Low complexity encoding of improved regular {LDPC} codes},
	YEAR = {2004},
	BOOKTITLE = {2004
	IEEE 60th Vehicular Technology Conference, VTC2004-Fall,
	Los Angeles, CA, September 26-29, 2004},
	VOLUME = {4},
	PAGES = {2535--2539},
}

@article {MR992291,
    AUTHOR = {Etzion, Tuvi and Golomb, Solomon W. and Taylor, Herbert},
     TITLE = {Tuscan-{$K$} squares},
   JOURNAL = {Adv. in Appl. Math.},
  FJOURNAL = {Advances in Applied Mathematics},
    VOLUME = {10},
      YEAR = {1989},
    NUMBER = {2},
     PAGES = {164--174},
      ISSN = {0196-8858},
   MRCLASS = {05B30},
MRREVIEWER = {Thomas Beatty},
}

@incollection {MR1992961,
    AUTHOR = {Chu, Wensong},
     TITLE = {Permutation polynomials, {T}uscan-{$k$} arrays and {C}ostas
              sequences},
 BOOKTITLE = {Mathematical properties of sequences and other combinatorial
              structures (Los Angeles, CA, 2002)},
     PAGES = {7--16},
 PUBLISHER = {Kluwer Academic Publishers},
   ADDRESS = {Boston, MA},
      YEAR = {2003},
   MRCLASS = {11T06 (05B15 11B50)},
 EDITOR = {No, Jong-Seon and Song, Hong-Yeop and Helleseth, Tor and
              Kumar, P. Vijay},
MRREVIEWER = {S. D. Cohen},
}

@incollection {MR1992965,
    AUTHOR = {Taylor, Herbert},
     TITLE = {Singly periodic {C}ostas arrays are equivalent to polygonal
              path {V}atican squares},
 BOOKTITLE = {Mathematical properties of sequences and other combinatorial
              structures (Los Angeles, CA, 2002)},
     PAGES = {45--53},
 PUBLISHER = {Kluwer Academic Publishers},
 EDITOR = {No, Jong-Seon and Song, Hong-Yeop and Helleseth, Tor and
              Kumar, P. Vijay},
   ADDRESS = {Boston, MA},
      YEAR = {2003},
   MRCLASS = {05B15},
}

@article{periodicity,
	AUTHOR = {Golomb, Solomon W. and Moreno, Oscar},
	TITLE = {On periodicity properties of {C}ostas arrays and a conjecture on permutation polynomials},
	JOURNAL = {IEEE Trans. Inform. Theory},
	VOLUME = {42},
	NUMBER = {6},
	YEAR = {1996},
	PAGES = {2252--2253},
}

@article{chu2004,
	AUTHOR = {Chu, Wensong and Colbourn, Charles J.},
	TITLE = {Sequence designs for ultra-wideband impulse radio with optimal
	correlation properties},
	JOURNAL = {IEEE Trans. Inform. Theory},
	VOLUME = {50},
	NUMBER = {10},
	YEAR = {2004},
	PAGES = {2402--2407},
}


@article{silverman,
	TITLE = {On the number of {C}ostas arrays as a function of array size},
	AUTHOR = {Silverman, J. and Vickers, V. E. and Mooney, J. M.},
	JOURNAL = {Proc. IEEE},
	VOLUME = {76},
	NUMBER = {7},
	YEAR = {1988},
	PAGES = {851--853},
}

@article{maric1995,
	AUTHOR = {Maric, S. V. and Hahm, M. D. and Titlebaum, E. L.},
	TITLE = {Construction and performance analysis of a new family of
	optical orthogonal codes for {CDMA} fiber-optic networks},
	JOURNAL = {IEEE Trans. Commun.},
	FJOURNAL = {IEEE Transactions on Communications},
	VOLUME = {43},
	NUMBER = {234},
	PAGES = {485--489},
	YEAR = {1995},
}

@book{skolnik,
	AUTHOR = {Skolnik, Merrill I.},
	TITLE = {Introduction to Radar Systems},
	EDITION = {Third},
	PUBLISHER = {McGraw-Hill},
	YEAR = {2001},
}

@book{levanon,
	AUTHOR = {Levanon, Nadav and Mozeson, Eli},
	TITLE = {Radar Signals},
	PUBLISHER = {John Wiley \& Sons},
	YEAR = {2004},
}

@inproceedings{costas1975,
	AUTHOR = {Costas, J. P.},
	TITLE = {Medium constraints on sonar design and performance},
	BOOKTITLE = {EASCON Convention Record, Washington, D.C., September
	29-October 1, 1975},
	PUBLISHER = {IEEE},
	YEAR = {1975},
	PAGES = {68A--68L},
}

@article {MR1209243,
    AUTHOR = {Cohen, Stephen D. and Mullen, Gary L.},
     TITLE = {Primitive elements in finite fields and {C}ostas arrays},
   JOURNAL = {Appl. Algebra Engrg. Comm. Comput.},
  FJOURNAL = {Applicable Algebra in Engineering, Communication and
              Computing},
    VOLUME = {2},
      YEAR = {1991},
    NUMBER = {1},
     PAGES = {45--53},
      ISSN = {0938-1279},
     CODEN = {AAECEW},
   OMRCLASS = {11T30 (11Y99)},
}

@misc{sloane,
	AUTHOR = {Sloane, N. J. A.},
	TITLE = {The On-Line Encyclopedia of Integer Sequences},
	NOTE = {http://www.research.att.com/{$\sim$}njas/sequences/},
}

@misc{patent06,
	TITLE = {Frequency hop sequences for multi-band communication systems},
	AUTHOR = {Maric, Svetislav},
	DAY = {27},
	NOTE = {U.S. Patent 7,068,703, June 27, 2006},
	ASIGNEE = {Qualcomm},
	NATIONALITY = {United States},
}

@patent{patent04,
	INVENTOR = {James Richards},
}


@article{golomb1992,
	AUTHOR = {Golomb, Solomon W.},
	TITLE = {The {$T_4$} and {$G_4$} constructions for {C}ostas arrays},
	JOURNAL = {IEEE Trans. Inform. Theory},
	VOLUME = {38},
	NUMBER = {4},
	PAGES = {1404--1406},
	YEAR = {1992},
}

@article{golomb1984,
	AUTHOR = {Golomb, Solomon W. and Taylor, Herbert},
	TITLE = {Constructions and properties of {C}ostas arrays},
	JOURNAL = {Proc. IEEE},
	VOLUME = {72},
	NUMBER = {9},
	YEAR = {1984},
	PAGES = {1143--1163},
}

@incollection {MR1992966,
    AUTHOR = {Moreno, Oscar},
     TITLE = {Survey on {C}ostas arrays and their generalizations},
 BOOKTITLE = {Mathematical properties of sequences and other combinatorial
              structures (Los Angeles, CA, 2002)},
     PAGES = {55--64},
 PUBLISHER = {Kluwer Academic Publishers},
 EDITOR = {No, Jong-Seon and Song, Hong-Yeop and Helleseth, Tor and
              Kumar, P. Vijay},
   ADDRESS = {Boston, MA},
      YEAR = {2003},
   MRCLASS = {05B15},
}

@article {MR749508,
    AUTHOR = {Golomb, Solomon W.},
     TITLE = {Algebraic constructions for {C}ostas arrays},
   JOURNAL = {J. Combin. Theory Ser. A},
  FJOURNAL = {Journal of Combinatorial Theory. Series A},
    VOLUME = {37},
      YEAR = {1984},
    NUMBER = {1},
     PAGES = {13--21},
      ISSN = {0097-3165},
     CODEN = {JCBTA7},
   MRCLASS = {05B20},
MRREVIEWER = {Francesco Mazzocca},
}

@article {MR674209,
    AUTHOR = {Golomb, Solomon W. and Taylor, Herbert},
     TITLE = {Two-dimensional synchronization patterns for minimum
              ambiguity},
   JOURNAL = {IEEE Trans. Inform. Theory},
  FJOURNAL = {Institute of Electrical and Electronics Engineers.
              Transactions on Information Theory},
    VOLUME = {28},
      YEAR = {1982},
    NUMBER = {4},
     PAGES = {600--604},
      ISSN = {0018-9448},
     CODEN = {IETTAW},
   MRCLASS = {05B99 (05B15)},
MRREVIEWER = {Sanpei Kageyama},
}

@article{moreno1990,
	AUTHOR = {Moreno, Oscar and Sotero, Jos\'e},
	TITLE = {Computational approach to {C}onjecture {A} of {G}olomb},
	JOURNAL = {Congr. Numer.},
	VOLUME = {70},
	YEAR = {1990},
	PAGES = {7--16},
}    
