@book{schoiss,
	AUTHOR = {Hlawka, Edmund and Schoi{\ss}engeier, Johannes and Taschner, Rudolf},
	TITLE = {Geometric and analytic number theory},
	PUBLISHER = {Springer},
	YEAR = {1991},
	NOTE = {Translated from the German by Charles Thomas},
	SERIES = {Universitext},
}