@book{wisconsin8,
	TITLE = {{K\={u}shy\={a}r ibn Labb\={a}n, {\em Principles of Hindu reckoning}}},
	AUTHOR = {Levey, Martin and Petruck, Marvin},
	YEAR = {1965},
	PUBLISHER = {University of Wisconsin Press},
	SERIES = {University of Wisconsin Publications in Medieval Science},
	VOLUME = {8},
}

@incollection{bagnall,
	AUTHOR = {Bagnall, Roger S.},
	TITLE = {Wax Tablets in the {Pierpont Morgan Library} (71-78)},
	PAGES = {153--165},
	BOOKTITLE = {Tavolette lignee e cerate da varie collezioni},
	PUBLISHER = {Edizioni Gonnelli},
	ADDRESS = {Firenze},
	YEAR = {1989},
	EDITOR = {Pintaudi, Rosario and Sijpesteijn, Pieter J.},
	SERIES = {Papyrologica Florentina},
	VOLUME = {18},
}

@book{theodosius,
	AUTHOR = {Eecke, Paul ver},
	TITLE = {{Les Sph\'eriques de Th\'eodose de Tripoli}},
	PUBLISHER = {Librairie scientifique et technique Albert Blanchard},
	ADDRESS = {Paris},
	YEAR = {1959},
}

@article{heiberg1927,
	AUTHOR = {Heiberg, J. L.},
	TITLE = {{Theodosius Tripolites Sphaerica}},
	JOURNAL = {Abhandlungen der Gesellschaft der Wissenschaften zu G\"ottingen, Philologisch-Historische Klasse,
	Neue Folge},
	VOLUME = {19},
	NUMBER = {3},
	YEAR = {1927},
	PAGES = {1--199},
}

@article{menelaos,
	AUTHOR = {Bj\"ornbo, Axel Anthon},
	TITLE = {{Studien \"uber Menelaos' Sph\"arik. Beitr\"age zur Geschichte der Sph\"arik und Trigonometrie der Griechen}},
	PAGES = {1--154},
	JOURNAL = {Abhandlungen zur Geschichte der mathematischen Wissenschaften mit Einschluss ihrer Anwendungen},
	VOLUME = {14},
	YEAR = {1902},
}

@article{births,
	AUTHOR = {Fossa, John A. and Erickson, Glenn W.},
	JOURNAL = {College Mathematics Journal},
	VOLUME = {32},
	NUMBER = {3},
	YEAR = {2001},
	PAGES = {185--193},
	TITLE = {The Lord Over Better and Worse Births},
}

@article{duke,
	AUTHOR = {Duke, Dennis},
	TITLE = {Mean Motions in {Ptolemy's {\em Planetary Hypotheses}}},
	JOURNAL = {Arch. Hist. Exact Sci.},
	VOLUME = {63},
	PAGES = {635--654},
	YEAR = {2009},
}

@article{brown,
	AUTHOR = {Brown, Malcolm S.},
	TITLE = {{\em Theaetetus}: Knowledge as Continued Learning},
	JOURNAL = {Journal for the History of Philosophy},
	VOLUME = {7},
	NUMBER = {4},
	PAGES = {359--379},
	YEAR = {1969},
}

@article{goldstein,
	AUTHOR = {Goldstein, Bernard R.},
	TITLE = {Eratosthenes on the ``measurement'' of the earth},
	JOURNAL = {Historia Math.},
	VOLUME = {11},
	YEAR = {1984},
	PAGES = {411--416},
}

@book{manitius,
	AUTHOR = {Manitius, Carolus},
	TITLE = {{Hipparchi in Arati et Eudoxi Phaenomena commentariorum libri tres}},
	YEAR = {1894},
	PUBLISHER = {B. G. Teubner},
	ADDRESS = {Leipzig},
}

@book{heidel,
	AUTHOR = {Heidel, William Arthur},
	TITLE = {The frame of the ancient {G}reek maps, with a discussion of the discovery of the sphericity of the earth},
	PUBLISHER = {American Geographical Society},
	SERIES = {American Geographical Society Research Series},
	NUMBER = {20},
	YEAR = {1937},
}

@book{iamblichus,
	AUTHOR = {Vinel, Nicolas},
	TITLE = {{Jamblique, In Nicomachi Arithmeticam. Introduction, texte critique, traduction fran{\c c}aise et notes de commentaires}},
	SERIES = {Mathematica graeca antiqua},
	VOLUME = {3},
	PUBLISHER = {Fabrizio Serra editore},
	YEAR = {2014},
}

@book{robson1999,
	AUTHOR = {Robson, Eleanor},
	YEAR = {1999},
	PUBLISHER = {Clarendon Press},
	ADDRESS = {Oxford},
	TITLE = {Mesopotamian Mathematics 2100--1600 {BC}: Technical Constants in Bureaucracy and Education},
	SERIES = {Oxford Editions of Cuneiform Texts},
	VOLUME = {XIV},
}

@incollection{robson,
	AUTHOR = {Robson, Eleanor},
	TITLE = {Mesopotamian mathematics},
	PAGES = {57--186},
	EDITOR = {Katz, Victor},
	BOOKTITLE = {The Mathematics of Egypt, Mesopotamia, China, India, and Islam: A Sourcebook},
	PUBLISHER = {Princeton University Press},
	YEAR = {2007},
}

@article{hofmann,
	AUTHOR = {Hofmann, Jos. E.},
	TITLE = {{Erg\"anzende Bemerkungen zum {\guillemotright}geometrischen{\guillemotleft} Irrationalit\"atbeweis der alten Griechen}},
	JOURNAL = {Centaurus},
	PAGES = {59--72},
	VOLUME = {5},
	NUMBER = {1},
	YEAR = {1956},
}

@book{egyptian3,
	AUTHOR = {Clagett, Marshall},
	TITLE = {{Ancient Egyptian Science: A Source Book. Volume Three: Ancient Egyptian Mathematics}},
	YEAR = {1999},
	PUBLISHER = {American Philosophical Society},
	ADDRESS = {Philadelphia},
	SERIES = {Memoirs of the American Philosophical Society},
	VOLUME = {232},
}

@book{TellHarmal,
	AUTHOR = {Carlos Gon{\c c}alves},
	TITLE = {{Mathematical Tablets from Tell Harmal}},
	PUBLISHER = {Springer},
	SERIES = {Sources and Studies in the History of Mathematics and Physical Sciences},
	YEAR = {2015},
}

@article{weidner,
	AUTHOR = {Weidner, Ernst F.},
	TITLE = {{Die Berechnung rechtwinkliger Dreiecke bei den Akkadern um 2000 v. Chr.}},
	VOLUME = {19},
	NUMBER = {9},
	JOURNAL = {Orientalistische Literaturzeitung},
	YEAR = {1916},
	PAGES = {137--140},
}

@article{P11529,
	AUTHOR = {Schubart, W.},
	TITLE = {{\"Agyptische Abteilung (Papyrussammlung). Mathematische Aufgaben auf Papyrus}},
	JOURNAL = {Amtliche Berichte aus den K\"oniglichen Kunstsammlungen},
	VOLUME = {37},
	NUMBER = {8},
	PAGES = {5--9},
	YEAR = {1916},
}

@incollection{folkerts,
	AUTHOR = {Folkerts, Menso},
	TITLE = {{Mathematische Probleme in Corpus agrimensorum}},
	PAGES = {310--336},
	YEAR = {1992},
	EDITOR = {Behrends, Okko and Capogrossi Colognesi, Luigi},
	BOOKTITLE = {Die r\"omische Feldme{\ss}kunst. Interdisziplin\"are Beitr\"age zu ihrer Bedeutung f\"ur die Zivilisationsgeschichte Roms},
	PUBLISHER = {Vandenhoeck \& Ruprecht},
	ADDRESS = {G\"ottingen},
	SERIES = {Abhandlungen der Akademie der Wissenschaften in G\"ottingen, Philologisch-Historische Klasse,
	3. Folge},
	NUMBER = {193},
}

@book{vogel,
	TITLE = {{Vorgriechische Mathematik}},
	AUTHOR = {Vogel, Kurt},
	PUBLISHER = {H. Schroedel},
	ADDRESS = {Hannover},
	YEAR = {1958},
}

@article{goetze,
	AUTHOR = {Goetze, A.},
	TITLE = {A mathematical compendium from {Tell Harmal}},
	JOURNAL = {Sumer},
	VOLUME = {7},
	PAGES = {126--154},
	YEAR = {1951},
}

@article{bruins1948,
	AUTHOR = {Bruins, E. M.},
	TITLE = {Quelques textes math\'ematiques de la mission de {S}use},
	JOURNAL = {Koninklijke Nederlandse Akademie van Wetenschappen, Proceedings of the Section of Sciences},
	PAGES = {1025--1033},
	YEAR = {1950},
	VOLUME = {53},
	NUMBER = {7},
}

@article{bruins1950,
	AUTHOR = {Bruins, E. M.},
	TITLE = {Square roots in {B}abylonian and {G}reek mathematics},
	JOURNAL = {Koninklijke Nederlandse Akademie van Wetenschappen, Proceedings of the Section of Sciences},
	PAGES = {332--341},
	YEAR = {1948},
	VOLUME = {51},
	NUMBER = {3},
}

@book{constantinopolitanus,
	EDITOR = {Bruins, E. M.},
	TITLE = {{Codex Constantinopolitanus. Palatii Veteris No. 1. Part 3: Translation and Commentary}},
	PUBLISHER = {E.J. Brill},
	ADDRESS = {Leiden},
	YEAR = {1964},
}

@book{suse,
	AUTHOR = {Bruins, E. M. and Rutten, M.},
	PUBLISHER = {Librairie orientaliste Paul Geuthner},
	ADDRESS = {Paris},
	TITLE = {Textes math\'ematiques de {S}use},
	SERIES = {M\'emoires de la Mission arch\'eologique en Iran},
	VOLUME = {34},
	YEAR = {1961},
}

@book{eratosthenes,
	AUTHOR = {Roller, Duane W.},
	TITLE = {{Eratosthenes' {\em Geography}}},
	PUBLISHER = {Princeton University Press},
	YEAR = {2010},
}

@book{bouma,
	AUTHOR = {Bouma, Jelle},
	TITLE = {{Marcus Iunius Nypsus -- Fluminis varatio, Limitis repositio: introduction, text, translation and commentary}},
	PUBLISHER = {Peter Lang},
	ADDRESS = {Frankfurt am Main},
	YEAR = {1993},
	SERIES = {Studien zur klassischen Philologie},
	VOLUME = {77},
}

@book{drabkin,
	EDITOR = {Cohen, Morris R. and Drabkin, I. E.},
	TITLE = {A Source Book in {G}reek Science},
	PUBLISHER = {Harvard University Press},
	SERIES = {Source Books in the History of the Sciences},
	YEAR = {1948},
}

@book{salzmann,
	TITLE = {{Untersuchungen zu den antiken Kieselmosaiken von den Anf\"angen bis zum Beginn der Tesseratechnik}},
	SERIES = {Arch\"aologische Forschungen},
	VOLUME = {10},
	AUTHOR = {Salzmann, Dieter},
	YEAR = {1982},
	ADDRESS = {Berlin},
	PUBLISHER = {Gebr. Mann Verlag},
}

@book{dunbabin,
	AUTHOR = {Dunbabin, Katherine M.D.},
	TITLE = {Mosaics of the {G}reek and {R}oman World},
	PUBLISHER = {Cambridge University Press},
	YEAR = {1999},
}

@book{dicks,
	AUTHOR = {Dicks, D. R.},
	TITLE = {The Geographical Fragments of {H}ipparchus},
	PUBLISHER = {University of London, Athlone Press},
	YEAR = {1960},
}

@article{agathemerus,
	TITLE = {{Agathemerus, {\em Sketch of Geography}}},
	PAGES = {59--76},
	AUTHOR = {Diller, Aubrey},
	JOURNAL = {Greek, Roman, and Byzantine Studies},
	YEAR = {1975},
	VOLUME = {16},
	NUMBER = {1},
}

@book{strabo,
	AUTHOR = {Roller, Duane W.},
	TITLE = {{The {\em Geography} of Strabo}},
	PUBLISHER = {Cambridge University Press},
	YEAR = {2014},
}

@article{neugebauer1931,
	AUTHOR = {Neugebauer, O.},
	JOURNAL = {Archiv f\"ur Orientforschung},
	VOLUME = {7},
	PAGES = {90--99},
	YEAR = {1931--1932},
	TITLE = {{\"Uber die Approximation irrationaler Quadratwurzeln in der babylonischen Mathematik}},
}

@book{MKT,
	AUTHOR = {Neugebauer, O.},
	TITLE = {{Mathematische Keilschrift-Texte}},
	PUBLISHER = {Springer},
	YEAR = {1973},
}

@book{thureau-dangin,
	AUTHOR = {Thureau-Dangin, F.},
	TITLE = {Textes math\'ematiques babyloniens},
	PUBLISHER = {E. J. Brill},
	ADDRESS = {Leiden},
	YEAR = {1938},
}

@book{beresford,
	AUTHOR = {Beresford, Adam},
	TITLE = {{Plato, {\em Protagoras} and {\em Meno}}},
	PUBLISHER = {Penguin Books},
	SERIES = {Penguin Classics},
	YEAR = {2005},
}

@article{YBC7289,
	AUTHOR = {Fowler, David and Robson, Eleanor},
	TITLE = {Square Root Approximations in {Old Babylonian} Mathematics:
{YBC} 7289 in Context},
	JOURNAL = {Historia Math.},
	PAGES = {366--378},
	VOLUME = {25},
	YEAR = {1998},
}

@book{fowler,
	AUTHOR = {Fowler, David},
	TITLE = {The mathematics of {P}lato's {A}cademy: a new reconstruction},
	EDITION = {second},
	YEAR = {1999},
	PUBLISHER = {Clarendon Press},
	ADDRESS = {Oxford},
}

@book{censorinus,
	AUTHOR = {Parker, Holt N.},
	TITLE = {{Censorinus: {\em The birthday book}}},
	PUBLISHER = {University of Chicago Press},
	YEAR = {2007},
}

@book{ratcliffe,
	AUTHOR = {Ratcliffe, John G.},
	TITLE = {Foundations of hyperbolic manifolds},
	YEAR = {2006},
	PUBLISHER = {Springer},
	SERIES = {Graduate Texts in Mathematics},
	VOLUME = {149},
	EDITION = {second},
}

@book{pedersen,
	AUTHOR = {Pedersen, Olaf},
	TITLE = {{A Survey of the {\em Almagest}}},
	PUBLISHER = {Springer},
	YEAR = {2011},
	SERIES = {Sources and Studies in the History of Mathematics and Physical Sciences},
}

@book{fisc,
	TITLE = {G\'eometries du fisc byzantin},
	AUTHOR = {J. Lefort and R. Bondoux and J.-Cl. Cheynet and J.-P. Gr\'elois and Vassiliki Kravari and J.-M. Martin},
	PUBLISHER = {\'Editions P. Lethielleux},
	ADDRESS = {Paris},
	YEAR = {1991},
	SERIES = {R\'ealites byzantines},
}

@book{nicomachus,
	TITLE = {{Nicomachus of Gerasa, Introduction to arithmetic}},
	AUTHOR = {Martin Luther D'Ooge and Frank Egleston Robbins and Louis Charles Karpinski},
	PUBLISHER = {Macmillan},
	ADDRESS = {New York},
	YEAR = {1926},
	SERIES = {University of Michigan Studies Humanistic Series},
	VOLUME = {XVI},
}

@book{fitch,
	AUTHOR = {Fitch, John G.},
	TITLE = {{Palladius, {\em Opus Agriculturae: The Work of Farming}}},
	PUBLISHER = {Prospect Books},
	ADDRESS = {Totnes},
	YEAR = {2013},
}

@book{pompei,
	EDITOR = {Carratelli, Giovanni Pugliese and Baldassarre, Ida},
	PUBLISHER = {Istituto della enciclopedia italiana},
	ADDRESS = {Rome},
	YEAR = {1990--2003},
	TITLE = {{Pompei, pitture e mosaici. I--X}},
}

@book{walbankII,
	AUTHOR = {Walbank, F. W.},
	TITLE = {{A Historical Commentary on Polybius, Volume II: Commentary on Books VII--XVIII}},
	PUBLISHER = {Clarendon Press},
	ADDRESS = {Oxford},
	YEAR = {1967},
}

@book{polybius,
	AUTHOR = {Scott-Kilvert, Ian},
	TITLE = {Polybius, {The Rise of the Roman Empire}},
	PUBLISHER = {Penguin Books},
	SERIES = {Penguin Classics},
	YEAR = {1979},
	NOTE = {selected with an introduction by F. W. Walbank},
}

@book{josephus,
	AUTHOR = {Thackery, H. St. J.},
	TITLE = {{Josephus II: The Jewish War, Books I--III}},
	PUBLISHER = {Harvard University Press},
	YEAR = {1956},
	SERIES = {Loeb Classical Library},
	NUMBER = {203},
}

@book{vegetius,
	AUTHOR = {Milner, N. P.},
	TITLE = {Vegetius: {E}pitome of Military Science},
	PUBLISHER = {Liverpool University Press},
	YEAR = {1996},
	SERIES = {Translated Texts for Historians},
	VOLUME = {16},
	EDITION = {second},
}

@book{campbell,
	AUTHOR = {Campbell, Brian},
	TITLE = {The Writings of the {R}oman Land Surveyors. {I}ntroduction, Text, Translation and Commentary},
	PUBLISHER = {Society for the Promotion of Roman Studies},
	SERIES = {Journal of Roman Studies Monographs},
	NUMBER = {9},
	YEAR = {2000},
	ADDRESS = {London},
}

@book{ostiaIV,
	EDITOR = {Becatti, Giovanni},
	TITLE = {{Scavi di Ostia IV. Mosaici e pavimenti marmorei}},
	PUBLISHER = {Libreria dello Stato},
	YEAR = {1961},
	ADDRESS = {Rome},
}

@incollection{reallexikon7,
	AUTHOR = {Friberg, J\"oran},
	TITLE = {Mathematik},
	PAGES = {531--585},
	PUBLISHER = {Walter de Gruyter},
	YEAR = {1987--1990},
	BOOKTITLE = {{Reallexikon der Assyriologie und Vorderasiatischen Arch\"aologie. Siebter Band}},
	EDITOR = {Edzard, Dietz Otto},
}

@article{BM80209,
	AUTHOR = {Friberg, J\"oran},
	TITLE = {Methods and Traditions of {B}abylonian Mathematics, {II}: An {Old Babylonian} Catalogue Text with
Equations for Squares and Circles},
	JOURNAL = {Journal of Cuneiform Studies},
	VOLUME = {33},
	NUMBER = {1},
	PAGES = {57--64},
	YEAR = {1981},
}

@book{friberg,
	SERIES = {Sources and Studies in the History of Mathematics and Physical Sciences},
	PUBLISHER = {Springer},
	YEAR = {2007},
	TITLE = {A Remarkable Collection of {B}abylonian Mathematical Texts},
	AUTHOR = {Friberg, J\"oran},
}

@article{friberg1997,
	AUTHOR = {Friberg, J\"oran},
	JOURNAL = {Baghdader Mitteilungen},
	TITLE = {{Seed and Reeds Continued: Another metro-mathematical topic text from Late Babylonian Uruk}},
	PAGES = {251--365},
	VOLUME = {28},
	YEAR = {1997},
}

@article{jacobson,
	AUTHOR = {Jacobson, David M.},
	TITLE = {Hadrianic Architecture and Geometry},
	JOURNAL = {American Journal of Archaeology},
	VOLUME = {90},
	NUMBER = {1},
	YEAR = {1986},
	PAGES = {69--85},
}

@book{geography,
	TITLE = {Ptolemy's {{\em Geography}}: An Annotated Translation of the Theoretical Chapters},
	AUTHOR = {Berggren, J. Lennart and Jones, Alexander},
	YEAR = {2000},
	PUBLISHER = {Princeton University Press},
}

@book{blumeI,
	TITLE = {{Die Schriften der r\"omischen Feldmesser. Erster Band: Texte und Zeichnungen}},
	EDITOR = {Blume, F. and Lachmann, K. and Rudorff, A.},
	YEAR = {1848},
	PUBLISHER = {Georg Reimer},
	ADDRESS = {Berlin},
}

@book{meno,
	AUTHOR = {Klein, Jacob},
	TITLE = {{A Commentary on Plato's {\em Meno}}},
	PUBLISHER = {University of Chicago Press},
	YEAR = {1989},
}

@book{allen,
	AUTHOR = {Allen, R. E.},
	TITLE = {{Plato's {\em Parmenides}}},
	PUBLISHER = {Yale University Press},
	YEAR = {1997},
	SERIES = {The Dialogues of Plato},
	VOLUME = {4},
	NOTE = {revised edition},
}

@book{timaeum3II,
	EDITOR = {Baltzly, Dirk},
	TITLE = {{Proclus, Commentary on Plato's {\em Timaeus}, volume IV. Book 3, part II: Proclus on the World Soul}},
	PUBLISHER = {Cambridge University Press},
	YEAR = {2009},
}

@book{guillaumin,
	TITLE = {{Corpus agrimensorum Romanorum. II. Balbus, Pr\'esentation syst\'ematique de toutes les figures; III. Podismus et textes connexes}},
	YEAR = {1996},
	PUBLISHER = {Jovene Editore},
	ADDRESS = {Naples},
	AUTHOR = {Guillaumin, Jean-Yves},
	SERIES = {Di\'aphora},
	VOLUME = {5},
}

@article{Heidelberg663,
	TITLE = {A Mathematical Exercise: {P. Dem. Heidelberg 663}},
	AUTHOR = {Parker, Richard A.},
	PAGES = {189--196},
	JOURNAL = {Journal of Egyptian Archaeology},
	VOLUME = {61},
	YEAR = {1975},
}

@book{DMP,
	AUTHOR = {Parker, Richard A.},
	PUBLISHER = {Brown University Press},
	YEAR = {1972},
	TITLE = {Demotic Mathematical Papyri},
	SERIES = {Brown Egyptological Studies},
	NUMBER = {7},
}

@article{parker1969,
	AUTHOR = {Parker, Richard A.},
	TITLE = {Some Demotic Mathematical Papyri},
	JOURNAL = {Centaurus},
	PAGES = {136--141},
	VOLUME = {14},
	NUMBER = {1},
	YEAR = {1969},
}

@book{chernissI,
	AUTHOR = {Cherniss, Harold},
	TITLE = {{Plutarch's {\em Moralia} XIII, part I}},
	PUBLISHER = {Harvard University Press},
	YEAR = {1976},
	SERIES = {Loeb Classical Library},
	NUMBER = {427},
}

@book{plommer,
	AUTHOR = {Plommer, Hugh},
	TITLE = {Vitruvius and later {R}oman building manuals},
	PUBLISHER = {Cambridge University Press},
	YEAR = {1973},
	SERIES = {Cambridge Classical Studies},
}

@book {gillings,
    AUTHOR = {Gillings, Richard J.},
     TITLE = {Mathematics in the time of the {P}haraohs},
 PUBLISHER = {Dover Publications},
      YEAR = {1982},
}

@book{macrobius,
	AUTHOR = {Stahl, William Harris},
	PUBLISHER = {Columbia University Press},
	YEAR = {1952},
	TITLE = {{Macrobius, {\em Commentary on the Dream of Scipio}}},
	SERIES = {Records of Civilization, Sources and Studies},
	NUMBER = {48},
}

@book{varro,
	AUTHOR = {Hooper, William Davis and Ash, Harrison Boyd},
	TITLE = {{Cato and Varro: On Agriculture}},
	SERIES = {Loeb Classical Library},
	NUMBER = {283},
	PUBLISHER = {Harvard University Press},
	YEAR = {1934},
}

@book{columellaII,
	AUTHOR = {E. S. Forster and Edward H. Heffner},
	TITLE = {Columella, {{\em On Agriculture}}, Volume {II}: Books 5--9},
	SERIES = {Loeb Classical Library},
	NUMBER = {407},
	PUBLISHER = {Harvard University Press},
	YEAR = {1954},
}

@article{naherungswerte,
	AUTHOR = {Hultsch, Friedrich},
	TITLE = {{Die N\"aherunswerte irrationaler Quadratwurzeln bei Archimedes}},
	PAGES = {367--428},
	JOURNAL = {Nachrichten von der
K\"oniglichen Gesellschaft der Wissenschaften und der
Georg-Augusts-Universit\"at zu G\"ottingen},
	NUMBER = {10},
	YEAR = {1893},
}

@book{pappusIIIi,
	AUTHOR = {Hultsch, Friedrich},
	TITLE = {{Pappi Alexandrini collectionis quae supersunt, volumen III, tomus I}},
	PUBLISHER = {Weidmannsche Buchhandlung},
	ADDRESS = {Berlin},
	YEAR = {1878},
}

@book{vitruvius,
	AUTHOR = {Schofield, Richard},
	TITLE = {{Vitruvius, {\em On Architecture}}},
	YEAR = {2009},
	SERIES = {Penguin Classics},
	PUBLISHER = {Penguin Books},
}

@book{hoyrup,
	AUTHOR = {H{\o}yrup, Jens},
	TITLE = {Lengths, Widths, Surfaces: A Portrait of Old {B}abylonian Algebra and Its Kin},
	PUBLISHER = {Springer},
	SERIES = {Sources and Studies in the History of Mathematics and Physical Sciences},
	YEAR = {2001},
}

@book{timaeus,
	AUTHOR = {Cornford, Francis Macdonald},
	TITLE = {Plato's cosmology: the {{\em Timaeus}} of {P}lato translated, with a running commentary},
	YEAR = {1937},
	PUBLISHER = {Kegan Paul},
	ADDRESS = {London},
}

@book{theaetetus,
	AUTHOR = {Cornford, Francis Macdonald},
	PUBLISHER = {Dover Publications},
	YEAR = {2003},
	TITLE = {Plato's Theory of Knowledge: The {{\em Theaetetus}} and the {{\em Sophist}} translated, with commentary},
}

@book {hardy,
    AUTHOR = {Hardy, G. H. and Wright, E. M.},
     TITLE = {An introduction to the theory of numbers},
   EDITION = {Fifth},
 PUBLISHER = {Clarendon Press},
 ADDRESS = {Oxford},
      YEAR = {1979},
}

@book{philolaus,
	AUTHOR = {Huffman, Carl A.},
	TITLE = {Philolaus of {C}roton: {P}ythagorean and {P}resocratic},
	YEAR = {2006},
	PUBLISHER = {Cambridge University Press},
}

@book{barker,
	AUTHOR = {Barker, Andrew},
	YEAR = {2004},
	TITLE = {Greek Musical Writings, volume {II}: Harmonic and Acoustic Theory},
	SERIES = {Cambridge Readings in the Literature of Music},
	PUBLISHER = {Cambridge University Press},
}

@book{knorr1975,
	TITLE = {The Evolution of the {E}uclidean {E}lements: A Study of the Theory of Incommensurable Magnitudes and Its Significance for Early {G}reek Geometry},
	VOLUME = {15},
	SERIES = {Synthese Historical Library},
	PUBLISHER = {D. Reidel Publishing Company},
	ADDRESS = {Dordrecht},
	YEAR = {1975},
	AUTHOR = {Knorr, Wilbur Richard},
}

@book{knorr1989,
	TITLE = {Textual Studies in Ancient and Medieval Geometry},
	AUTHOR = {Knorr, Wilbur Richard},
	YEAR = {1989},
	PUBLISHER = {Birkh\"auser},
}

@article{knorr1982,
	AUTHOR = {Knorr, Wilbur Richard},
	TITLE = {Techniques of fractions in ancient {E}gypt and {G}reece},
	JOURNAL = {Historia Math.},
	VOLUME = {9},
	NUMBER = {2},
	PAGES = {133--171},
	YEAR = {1982},
}

@book{palladius,
	AUTHOR = {Rodgers, R. H.},
	TITLE = {An introduction to {P}alladius},
	PUBLISHER = {Institute of Classical Studies},
	YEAR = {1975},
	ADDRESS = {London},
	SERIES = {University of London, Institute of Classical Studies, Bulletin Supplement},
	NUMBER = {35},
}

@book{palladii,
	EDITOR = {Rodgers, R. H.},
	TITLE = {{Palladius Rutilius Taurus Aemilianus Opus agriculturae, De veterinaria medicina, De insitione}},
	PUBLISHER = {B. G. Teubner},
	YEAR = {1975},
	SERIES = {Bibliotheca scriptorum Graecorum et Romanorum Teubneriana},
}

@book{frontinus,
	EDITOR = {Rodgers, R. H.},
	SERIES = {Cambridge Classical Texts and Commentaries},
	VOLUME = {42},
	PUBLISHER = {Cambridge University Press},
	YEAR = {2004},
	TITLE = {{Frontinus: De Aquaeductu Urbis Romae}},
}

@unpublished{rodgers,
	NOTE = {\url{http://www.uvm.edu/~rrodgers/Frontinus.html}},
	AUTHOR = {Rodgers, R. H.},
	TITLE = {{Sextus Julius Frontinus on the Water-Management of the City of Rome}},
	YEAR = {2003},
}

@book{thomasI,
	SERIES = {Loeb Classical Library},
	NUMBER = {335},
	EDITOR = {Thomas, Ivor},
	YEAR = {1957},
	TITLE = {Greek Mathematics, volume {I}},
	PUBLISHER = {Harvard University Press},
}

@book{thomasII,
	SERIES = {Loeb Classical Library},
	NUMBER = {362},
	EDITOR = {Thomas, Ivor},
	YEAR = {1957},
	PUBLISHER = {Harvard University Press},
	TITLE = {Greek Mathematics, volume {II}},
}

@book{almagest,
	AUTHOR = {Toomer, G. J.},
	TITLE = {{Ptolemy's {\em Almagest}}},
	PUBLISHER = {Duckworth},
	YEAR = {1984},
}

@article{papyrus,
	AUTHOR = {Kathleen McNamee and Michael L. Jacovides},
	TITLE = {{Annotations to the Speech of the Muses (Plato {\em Republic} 546B--C)}},
	VOLUME = {144},
	JOURNAL = {Zeitschrift f\"ur Papyrologie und Epigraphik},
	PAGES = {31--50},
	YEAR = {2003},
}

@book{aristarchus,
	AUTHOR = {Heath, Thomas L.},
	PUBLISHER = {Clarendon Press},
	ADDRESS = {Oxford},
	YEAR = {1913},
	TITLE = {{Aristarchus of Samos: The Ancient Copernicus}},
}

@book{diophantus,
	AUTHOR = {Heath, Thomas L.},
	YEAR = {1964},
	PUBLISHER = {Dover Publications},
	EDITION = {second},
	TITLE = {Diophantus of {A}lexandria: A Study in the History of {G}reek Algebra},
}

@book{archimedes,
	AUTHOR = {Heath, Thomas L.},
	TITLE = {The Works of {A}rchimedes},
	PUBLISHER = {Dover Publications},
	YEAR = {2002},
}

@book{aristotle,
	AUTHOR = {Heath, Thomas L.},
	TITLE = {Mathematics in {A}ristotle},
	PUBLISHER = {Claredon Press},
	ADDRESS = {Oxford},
	YEAR = {1949},
}

@book{euclidI,
	AUTHOR = {Heath, Thomas L.},
	PUBLISHER = {Dover Publications},
	EDITION = {second},
	TITLE = {The thirteen books of {E}uclid's {E}lements, volume {I}: {B}ooks {I}-{II}},
	YEAR = {1956},
}

@book{euclidII,
	AUTHOR = {Heath, Thomas L.},
	PUBLISHER = {Dover Publications},
	YEAR = {1956},
	TITLE = {The thirteen books of {E}uclid's {E}lements, volume {II}: {B}ooks {III}-{IX}},
	EDITION = {second},
}

@book{euclidIII,
	AUTHOR = {Heath, Thomas L.},
	PUBLISHER = {Dover Publications},
	EDITION = {second},
	TITLE = {The thirteen books of {E}uclid's {E}lements, volume {III}: {B}ooks {X}-{XIII}},
	YEAR = {1956},
}

@book{HGMI,
	AUTHOR = {Heath, Thomas L.},
	TITLE = {A history of {G}reek mathematics, volume {I}},
	PUBLISHER = {Clarendon Press},
	ADDRESS = {Oxford},
	YEAR = {1921},
}

@book{HGMII,
	AUTHOR = {Heath, Thomas L.},
	TITLE = {A history of {G}reek mathematics, volume {II}},
	PUBLISHER = {Clarendon Press},
	ADDRESS = {Oxford},
	YEAR = {1921},
}

@book{metrica,
	TITLE = {{H\'eron d'Alexandrie, {\em Metrica}, introduction, texte critique, traduction fran\c{c}aise et notes de commentaire}},
	PUBLISHER = {Fabrizio Serra editore},
	SERIES = {Mathematica graeca antiqua},
	VOLUME = {4},
	YEAR = {2014},
	AUTHOR = {Acerbi, Fabio and Vitrac, Bernard},
}

@book{heronisIII,
	EDITOR = {Sch\"one, Hermann},
	TITLE = {{Heronis Alexandrini opera quae supersunt omnia, volumen III: Rationes dimetiendi et commentatio dioptrica}},
	PUBLISHER = {B. G. Teubner},
	YEAR = {1903},
	ADDRESS = {Leipzig},
}

@book{heronisIV,
	EDITOR = {Heiberg, J. L.},
	TITLE = {{Heronis Alexandrini opera quae supersunt omnia, volumen IV: Heronis definitiones cum variis collectionibus. Heronis quae feruntur geometrica}},
	PUBLISHER = {B. G. Teubner},
	YEAR = {1976},
	ADDRESS = {Stuttgart},
}

@book{heronisV,
	EDITOR = {Heiberg, J. L.},
	TITLE = {{Heronis Alexandrini opera quae supersunt omnia, volumen V: Heronis quae feruntur stereometrica et de mensuris}},
	PUBLISHER = {B. G. Teubner},
	YEAR = {1976},
	ADDRESS = {Stuttgart},
}

@book{HAMA,
	TITLE = {A History of Ancient Mathematical Astronomy},
	YEAR = {1975},
	AUTHOR = {Neugebauer, O.},
	PUBLISHER = {Springer},
	SERIES = {Studies in the History of Mathematics and Physical Sciences},
	VOLUME = {1},
}

@book{cuneiform,
	EDITOR = {O. Neugebauer and Abraham Sachs},
	TITLE = {Mathematical Cuneiform Texts},
	PUBLISHER = {American Oriental Society},
	ADDRESS = {New Haven, CT},
	YEAR = {1945},
	SERIES = {American Oriental Series},
	VOLUME = {29},
}

@book{dijksterhuis,
	Author = {E. J. Dijksterhuis},
	Note = {Translated by C. Dikshoorn},
	Publisher = {Princeton University Press},
	Title = {Archimedes},
	Year = {1987},
}

@book{waterfield,
	AUTHOR = {Waterfield, Robin},
	TITLE = {The First Philosophers: The {P}resocratics and {S}ophists},
	PUBLISHER = {Oxford University Press},
	SERIES = {Oxford World's Classics},
	YEAR = {2000},
}

@book{dupuis,
	AUTHOR = {Dupuis, J.},
	TITLE = {{Th\'eon de Smyrne, philosophe platonicien. Exposition des connaissances math\'ematiques utiles pour la lecture de Platon}},
	PUBLISHER = {Librairie Hachette et Cie},
	ADDRESS = {Paris},
	YEAR = {1892},
}

@book{festugiereII,
	AUTHOR = {Festugi\`ere, A. J.},
	TITLE = {{Proclus: Commentaire sur la R\'epublique, tome II, dissertations VII--XIV}},
	PUBLISHER = {Librairie philosophique J. Vrin},
	YEAR = {1970},
	ADDRESS = {Paris},
}

@book{proclus,
	AUTHOR = {Morrow, Glenn R.},
	TITLE = {{Proclus: A Commentary on the First Book of Euclid's {\em Elements}}},
	PUBLISHER = {Princeton University Press},
	YEAR = {1992},
}

@book{weil,
	AUTHOR = {Weil, Andr\'e},
	TITLE = {Number Theory: An approach through history from {H}ammurapi to {L}egendre},
	PUBLISHER = {Birkh{\" a}user},
	YEAR = {1984},
}

@book{taylortimaeus,
	AUTHOR = {Taylor, A. E.},
	TITLE = {{A commentary on Plato's {\em Timaeus}}},
	YEAR = {1928},
	PUBLISHER = {Clarendon Press},
	ADDRESS = {Oxford},
}

@incollection{mueller2003,
	AUTHOR = {Mueller, Ian},
	TITLE = {Greek arithmetic, geometry and harmonics: {T}hales to {P}lato},
	PAGES = {249--297},
	BOOKTITLE = {From the Beginning to Plato},
	SERIES = {Routledge History of Philosophy},
	VOLUME = {1},
	EDITOR = {Taylor, C. C. W.},
	PUBLISHER = {Routledge},
	YEAR = {1997},	
}

@article{bulmer-thomas,
	AUTHOR = {Bulmer-Thomas, Ivor},
	JOURNAL = {Classical Quarterly},
	TITLE = {Plato's Theory of Number},
	VOLUME = {33},
	NUMBER = {2},
	YEAR = {1983},
	PAGES = {375--384},
}