@incollection{lenzen,
	AUTHOR = {Lenzen, Victor F.},
	TITLE = {Statistical mechanics and its applications to physics},
	PAGES = {125--142},
	YEAR = {1949},
	PUBLISHER = {University of California Press},
	BOOKTITLE = {Proceedings of the Berkeley Symposium on Mathematical Statistics and Probability},
	EDITOR = {Neyman, Jerzy},
	ADDRESS = {Berkeley and Los Angeles},
}

@article{lebowitz,
	AUTHOR = {Lebowitz, Joel L. and Penrose, Oliver},
	TITLE = {Modern ergodic theory},
	PAGES = {23--29},
	JOURNAL = {Physics Today},
	YEAR = {1973},
	NUMBER = {2},
	VOLUME = {26},
}

@incollection{synge,
	AUTHOR = {Synge, John L.},
	TITLE = {Classical dynamics},
	PAGES = {1--225},
	BOOKTITLE = {Encyclopedia of Physics, volume III/1: Principles
	of Classical Mechanics and Field Theory},
	EDITOR = {Fl\"ugge, S.},
	YEAR = {1960},
	PUBLISHER = {Springer},	
}

@book{jeans,
	PUBLISHER = {Cambridge University Press},
	YEAR = {1940},
	AUTHOR = {James Jeans},
	TITLE = {An introduction to the kinetic theory of gases},
}

@book{denbigh,
	AUTHOR = {Denbigh, K. G. and Denbigh, J. S.},
	TITLE = {Entropy in Relation to Incomplete Knowledge},
	PUBLISHER = {Cambridge University Press},
	YEAR = {1985},
}

@article{flanders,
	AUTHOR = {Flanders, Harley},
	JOURNAL = {Amer. Math. Monthly},
	VOLUME = {80},
	TITLE = {Differentiation under the integral sign},
	NUMBER = {6},
	PAGES = {615--627},
	YEAR = {1973},
}

@article{ainsworth,
	TITLE = {What Chains Does {L}iouville's Theorem Put on {M}axwell's Demon?},
	AUTHOR = {Ainsworth, Peter M.},
	JOURNAL = {Philosophy of Science},
	VOLUME = {78},
	NUMBER = {1},
	PAGES = {149--164},
	YEAR = {2011},
}

@book{shenker,
	AUTHOR = {Hemmo, Meir and Shenker, Orly R.},
	TITLE = {The road to {M}axwell's {D}emon: conceptual foundations of
statistical mechanics},
	PUBLISHER = {Cambridge University Press},
	YEAR = {2012},
}

@book{mackey,
	AUTHOR = {Mackey, Michael C.},
	TITLE = {Time's Arrow: The Origins of Thermodynamic Behavior},
	PUBLISHER = {Dover Publications},
	YEAR = {2003},
}

@book{sklar1993,
	AUTHOR = {Sklar, Lawrence},
	TITLE = {Physics and Chance: Philosophical Issues in the Foundations of Statistical Mechanics},
	YEAR = {1993},
	PUBLISHER = {Cambridge University Press},
}

@book{sklar2013,
	PUBLISHER = {Cambridge University Press},
	YEAR = {2013},
	AUTHOR = {Sklar, Lawrence},
	TITLE = {Philosophy and the Foundations of Dynamics},
}

@article{brushVIII,
	AUTHOR = {Brush, Stephen G.},
	TITLE = {The development of the kinetic
theory of gases: {VIII}. {R}andomness and irreversibility},
	JOURNAL = {Arch. Hist. Exact Sci.},
	VOLUME = {12},
	NUMBER = {1},
	YEAR = {1974},
	PAGES = {1--88},
}

@incollection{darrigol,
	AUTHOR = {Darrigol, Olivier and Renn, J\"urgen},
	YEAR = {2013},
	TITLE = {The emergence of statistical mechanics},
	EDITOR = {Jed Z. Buchwald and Robert Fox},
	BOOKTITLE = {The Oxford Handbook of the History of Physics},
	PAGES = {765--788},
	PUBLISHER = {Oxford University Press},
}

@book{global,
	AUTHOR = {Agricola, Ilka and Friedrich, Thomas},
	TITLE = {Global analysis: differential forms in analysis, geometry and
physics},
	SERIES = {Graduate Studies in Mathematics},
	VOLUME = {52},
	PUBLISHER = {American Mathematical Society},
	YEAR = {2002},
	NOTE = {Translated from the German by Andreas Nestke},
}

@incollection{clark,
	AUTHOR = {Clark, Peter},
	TITLE = {Determinism, probability and randomness in classical
statistical physics},
	BOOKTITLE = {Imre Lakatos and Theories of Scientific Change},
	EDITOR = {Gavroglu, Kostas and Goudaroulis, Yorgos and Nicolacopoulos, Pantelis},
	SERIES = {Boston Studies in the Philosophy of Science},
	VOLUME = {111},
	YEAR = {1989},
	PUBLISHER = {Kluwer},
	PAGES = {95--110},
}

@book{kac,
	AUTHOR = {Kac, Mark},
	TITLE = {Probability and related topics in physical sciences},
	PUBLISHER = {Interscience Publishers},
	ADDRESS = {London},
	YEAR = {1959},
}

@book{cercignani,
	AUTHOR = {Cercignani, Carlo},
	TITLE = {The {B}oltzmann Equation and Its Applications},
	PUBLISHER = {Springer},
	SERIES = {Applied Mathematical Sciences},
	VOLUME = {67},
	YEAR = {1987},
}

@book{ebbinghaus,
	TITLE = {Ernst {Z}ermelo: An Approach to His Life and Work},
	AUTHOR = {Heinz-Dieter Ebbinghaus},
	PUBLISHER = {Springer},
	YEAR = {2007},
}

@book{spivak,
	AUTHOR = {Spivak, Michael},
	TITLE = {Physics for Mathematicians: {M}echanics {I}},
	PUBLISHER = {Publish or Perish},
	YEAR = {2010},
}

@article {katz,
    AUTHOR = {Katz, Victor J.},
     TITLE = {Change of variables in multiple integrals: {E}uler to
              {C}artan},
   JOURNAL = {Math. Mag.},
    VOLUME = {55},
      YEAR = {1982},
    NUMBER = {1},
     PAGES = {3--11},
}

@incollection {knobloch,
    AUTHOR = {Knobloch, Eberhard},
     TITLE = {From {G}auss to {W}eierstrass: determinant theory and its
              historical evaluations},
 BOOKTITLE = {The Intersection of History and Mathematics},
    SERIES = {Science Networks. Historical Studies},
    VOLUME = {15},
     PAGES = {51--66},
 PUBLISHER = {Birkh\"auser},
      YEAR = {1994},
	EDITOR = {Sasaki Chikara and Sugiura Mitsuo and Joseph W. Dauben},
}

@article{mejlbro,
	AUTHOR = {Mejlbro, Leif},
	JOURNAL = {Internat. J. Math. Ed. Sci. Tech.},
	VOLUME = {28},
	NUMBER = {3},
	PAGES = {321--331},
	YEAR = {1997},
	TITLE = {Solution of linear ordinary differential equations by means of the method of variation of arbitrary constants},
}

@book{reichenbach,
	TITLE = {The direction of time},
	AUTHOR = {Reichenbach, Hans},
	PUBLISHER = {Dover Publications},
	YEAR = {1999},
}

@book{amann,
	AUTHOR = {Amann, Herbert and Escher, Joachim},
	TITLE = {Analysis {III}},
	PUBLISHER = {Birkh\"auser},
	YEAR = {2001},
}

@book{hofer,
	AUTHOR = {Hofer, Helmut and Zehnder, Eduard},
	TITLE = {Symplectic invariants and {H}amiltonian
dynamics},
	PUBLISHER = {Birkh\"auser},
	YEAR = {1994},
	SERIES = {Birkh\"auser Advanced Texts},
}

@book{gibbs1902,
	AUTHOR = {Gibbs, J. Willard},
	TITLE = {Elementary principles of statistical mechanics},
	YEAR = {1902},
	PUBLISHER = {Charles Scribner's Sons},
	ADDRESS = {New York},
}

@article{wind,
	AUTHOR = {Wind, C. H.},
	TITLE = {{\"Uber den dem Liouville'schen Satze entsprechenden
Satz der Gastheorie}},
	PAGES = {21--32},
	YEAR = {1897},
	JOURNAL = {Sitzungsberichte der Mathematisch-Naturwissenschaftlichen Classe der Kaiserlichen Akademie der Wissenschaften, Abteilung 2a},
	VOLUME = {106},
}

@article {MR2335767,
    AUTHOR = {Souriau, Jean-Marie},
     TITLE = {On geometric mechanics},
   JOURNAL = {Discrete Contin. Dyn. Syst.},
  FJOURNAL = {Discrete and Continuous Dynamical Systems. Series A},
    VOLUME = {19},
      YEAR = {2007},
    NUMBER = {3},
     PAGES = {595--607},
}

@book{harris,
	AUTHOR = {Harris, Stewart},
	PUBLISHER = {Dover Publications},
	YEAR = {2004},
	TITLE = {An Introduction to the Theory of the {B}oltzmann Equation},
}

@book{zehnder,
	TITLE = {Lectures on Dynamical Systems: Hamiltonian Vector Fields and Symplectic Capacities},
	AUTHOR = {Zehnder, Eduard},
	PUBLISHER = {European Mathematical Society},
	YEAR = {2010},
	SERIES = {EMS Textbooks in Mathematics},
}

@book{gallavotti,
	AUTHOR = {Gallavotti, Giovanni},
	TITLE = {Statistical Mechanics: A Short Treatise},
	PUBLISHER = {Springer},
	YEAR = {1999},
}

@book{reynolds,
	AUTHOR = {Reynolds, Osborne},
	TITLE = {Papers on mechanical and physical subjects, volume {III}:
The sub-mechanics of the universe},
	YEAR = {1903},
	PUBLISHER = {Cambridge University Press},
}

@book{gray,
	TITLE = {Henri {P}oincar\'e: A Scientific Biography},
	AUTHOR = {Gray, Jeremy},
	PUBLISHER = {Princeton University Press},
	YEAR = {2013},
}

@book{arnoldODE,
	AUTHOR = {Arnold, V. I.},
	TITLE = {Ordinary differential equations},
	NOTE = {Translated from the Russian by Richard A. Silverman},
	PUBLISHER = {MIT Press},
	YEAR = {1973},
}

@book{teschl,
	AUTHOR = {Teschl, Gerald},
	TITLE = {Ordinary differential equations and dynamical systems},
	PUBLISHER = {American Mathematical Society},
	ADDRESS = {Providence, RI},
	SERIES = {Graduate Studies in Mathematics},
	VOLUME = {140},
	YEAR = {2012},
}

@article{liouville1838,
	AUTHOR = {Liouville, Joseph},
	TITLE = {{Sur la Th\'eorie de la Variation des constantes arbitraires}},
	JOURNAL = {J. Math. Pures Appl.},
	VOLUME = {3},
	YEAR = {1838},
	PAGES = {342--349},
}

@article{abel,
	AUTHOR = {Abel, Niels Henrik},
	NOTE = {{\OE}uvres compl\'etes, tome premier, second ed., pp.~251--262},
        JOURNAL = {J. Reine Angew. Math.},
	VOLUME = {2},
	YEAR = {1827},
	PAGES = {22--30},
	TITLE = {{Ueber einige bestimmte Integrale}},
}

@book{ostrogradskii,
	AUTHOR = {Ostrogradskii, M. V.},
	TITLE = {Polnoe sobranie trudov, volume 3},
	PAGES = {124--126},
	YEAR = {1959--1961},
	ADDRESS = {Kiev},
	PUBLISHER = {Izdatel'stvo Akademii Nauk Ukrainskoi SSR},
}

@book{kolmogorov3,
	EDITOR = {Kolmogorov, A. N. and Yushkevich, A. P.},
	NOTE = {Translated from the Russian by Roger Cooke},
	YEAR = {1998},
	TITLE = {Mathematics of the 19th century, volume 3},
	PUBLISHER = {Birkh\"auser},
}

@book{jacobi,
	AUTHOR = {Jacobi, C. G. J.},
	TITLE = {{Vorlesungen \"uber Dynamik}},
	NOTE = {Edited by A. Clebsch},
	PUBLISHER = {Georg Reimer},
	ADDRESS = {Berlin},
	YEAR = {1866},
}

@article{nolte,
	AUTHOR = {Nolte, David D.},
	TITLE = {The tangled tale of phase space},
	JOURNAL = {Physics Today},
	YEAR = {2010},
	PAGES = {33--38},
	VOLUME = {63},
	NUMBER = {4},
}

@book{goroff1,
	NOTE = {Edited by Daniel L. Goroff},
	AUTHOR = {Poincar\'e, Henri},
	TITLE = {New methods of celestial mechanics: 1. {P}eriodic and asymptotic 
solutions},
	SERIES = {History of Modern Physics and Astronomy},
	VOLUME = {13},
	PUBLISHER = {American Institute of Physics},
	YEAR = {1993},
}

@book{threebody,
	AUTHOR = {Barrow-Green, June},
	TITLE = {Poincar\'e and the three body problem},
	YEAR = {1997},
	PUBLISHER = {American Mathematical Society},
	ADDRESS = {Providence, RI},
	SERIES = {History of Mathematics},
	VOLUME = {11},
}

@book{hartman,
        AUTHOR = {Hartman, Philip},
        TITLE = {Ordinary differential equations},
        EDITION = {second},
        PUBLISHER = {Society for Industrial and Applied Mathematics},
        YEAR = {2002},
        SERIES = {Classics in Applied Mathematics},
        VOLUME = {38},
}

@book{souriau,
	AUTHOR = {Souriau, Jean-Marie},
	TITLE = {Structure of dynamical systems: a symplectic view of physics},
	NOTE = {Translated from the French by C. H. Cushman-de Vries},
	SERIES = {Progress in Mathematics},
	VOLUME = {149},
	PUBLISHER = {Birkh\"auser},
	YEAR = {1997},
}

@book{landau5,
	AUTHOR = {Landau, L. D. and Lifshitz, E. M.},
	NOTE = {Translated from the Russian by J. B. Sykes and M. J. Kearsley},
	TITLE = {Statistical Physics, Part 1},
	SERIES = {Course of Theoretical Physics},
	VOLUME = {5},
	EDITION = {third},
	PUBLISHER = {Pergamon Press},
	YEAR = {1980},
}

@book{sommerfeld,
	AUTHOR = {Sommerfeld, Arnold},
	TITLE = {Thermodynamics and statistical mechanics},
	SERIES = {Lectures on Theoretical Physics},
	VOLUME = {V},
	PUBLISHER = {Academic Press},
	YEAR = {1956},
	NOTE = {Translated from the German by J. Kestin},
}

@article{roque,
	TITLE = {Stability of trajectories from {P}oincar\'e to {B}irkhoff: approaching a qualitative definition},
	AUTHOR = {Tatiana Roque},
	JOURNAL = {Arch. Hist. Exact Sci.},
	VOLUME = {65},
	NUMBER = {3},
	YEAR = {2011},
	PAGES = {295--342},
}

@book{whittaker,
	AUTHOR = {Whittaker, E. T.},
	TITLE = {A treatise on the analytical dynamics of particles and rigid
bodies},
	EDITION = {second},
	YEAR = {1917},
	PUBLISHER = {Cambridge University Press},
}

@article{craik,
	TITLE = {``Continuity and change'': representing mass conservation in fluid mechanics},
	AUTHOR = {Craik, Alex D. D.},
	JOURNAL = {Arch. Hist. Exact Sci.},
	VOLUME = {67},
	NUMBER = {1},
	YEAR = {2013},
	PAGES = {43--80},
}

@book{muir,
	AUTHOR = {Muir, Thomas},
	TITLE = {The theory of determinants in the historical order of development, volume one and volume two},
	PUBLISHER = {Dover Publications},
	YEAR = {1960},
}

@book{tolman,
	AUTHOR = {Tolman, Richard C.},
	TITLE = {The Principles of Statistical Mechanics},
	PUBLISHER = {Dover Publications},
	YEAR = {1979},
}

@book{farquhar,
	TITLE = {Ergodic theory in statistical mechanics},
	AUTHOR = {Ian E. Farquhar},
	YEAR = {1964},
	PUBLISHER = {Interscience},
}

@book{sussman,
	TITLE = {Structure and Interpretation of Classical Mechanics},
	AUTHOR = {Sussman, Gerald Jay and Wisdom, Jack},
	PUBLISHER = {MIT Press},
	YEAR = {2001},
}

@book{hand,
	AUTHOR = {Hand, Louis N. and Finch, Janet D.},
	YEAR = {1998},
	PUBLISHER = {Cambridge University Press},
	TITLE = {Analytical mechanics},
}

@book{basdevant,
	AUTHOR = {Basdevant, Jean-Louis},
	PUBLISHER = {Springer},
	YEAR = {2007},
	TITLE = {Variational principles in physics},
}

@incollection{butterfield,
	AUTHOR = {Butterfield, Jeremy},
	EDITOR = {Butterfield, Jeremy and Earman, John},
	PUBLISHER = {North-Holland},
	ADDRESS = {Amsterdam},
	YEAR = {2007},
	PAGES = {1--131},
	TITLE = {On symplectic reduction in classical mechanics},
	BOOKTITLE = {Philosophy of Physics, Part A},
	SERIES = {Handbook of the Philosophy of Science},

}

@book{lanczos,
	AUTHOR = {Lanczos, Cornelius},
	TITLE = {The variational principles of mechanics},
	YEAR = {1986},
	PUBLISHER = {Dover Publications},
	EDITION = {fourth},
}

@book{grandy,
	AUTHOR = {Grandy Jr., Walter T.},
	TITLE = {Entropy and the Time Evolution of Macroscopic Systems},
	PUBLISHER = {Oxford University Press},
	YEAR = {2012},
	SERIES = {International Series of Monographs on Physics},
	VOLUME = {141},
}

@book{khinchin,
	AUTHOR = {Khinchin, A. I.},
	TITLE = {Mathematical foundations of statistical mechanics},
	PUBLISHER = {Dover Publications},
	YEAR = {1949},
	NOTE = {Translated from the Russian by George Gamow},
}

@book{cassirer,
	AUTHOR = {Cassirer, Ernst},
	TITLE = {Determinism and Indeterminism in Modern Physics: Historical and Systematic Studies of the Problem of Causality},
	PUBLISHER = {Yale University Press},
	YEAR = {1956},
	NOTE = {Translated from the German by O. T. Benfey},
}

@article{jacobi1841a,
        TITLE = {De formatione et proprietatibus Determinatium},
        AUTHOR = {Jacobi, C. G. J.},
        JOURNAL = {J. Reine Angew. Math.},
        VOLUME = {22},
        YEAR = {1841},
	PAGES = {285--318},
        NOTE = {Gesammelte Werke, Band III, pp.~355--392},
}

@article{jacobi1841b,
        AUTHOR = {Jacobi, C. G. J.},
        JOURNAL = {J. Reine Angew. Math.},
	VOLUME = {22},
	YEAR = {1841},
	TITLE = {De Determinantibus functionalibus},
	PAGES = {319--359},
        NOTE = {Gesammelte Werke, Band III, pp.~393--438},
}

@book{chavel,
	TITLE = {Riemannian Geometry: A Modern Introduction},
	EDITION = {second},
	AUTHOR = {Chavel, Isaac},
	SERIES = {Cambridge Studies in Advanced Mathematics},
	VOLUME = {98},
	YEAR = {2006},
	PUBLISHER = {Cambridge University Press},
}

@book{cajori,
	AUTHOR = {Cajori, Florian},
	TITLE = {A history of mathematical notations, two volumes bound as one},
	YEAR = {1993},
	PUBLISHER = {Dover Publications},
}

@article{jacobi1845,
	AUTHOR = {Jacobi, C. G. J.},
	TITLE = {Theoria novi multiplicatoris systemati aequationum differentialium vulgarium applicandi},
	YEAR = {1845},
	PAGES = {333--376},
	VOLUME = {29},
	JOURNAL = {J. Reine Angew. Math.},
	NOTE = {Gesammelte Werke, Band IV, pp.~317--509},
}

@incollection{cayley,
	AUTHOR = {Cayley, Arthur},
	TITLE = {Report on the recent progress of theoretical dynamics},
	NOTE = {Collected Mathematical Papers, volume III, pp.~156--204},
	PAGES = {1--42},
	BOOKTITLE = {Report of the Twenty-seventh Meeting of the British
Association for the Advancement of Science; held at Dublin in August and September
1857},
	YEAR = {1858},
	PUBLISHER = {John Murray},
	ADDRESS = {London},	
}

@article{ivanov,
	TITLE = {A Differential Forms Perspective on the {L}ax Proof of the Change of Variables Formula},
	AUTHOR = {Nikolai V. Ivanov},
	JOURNAL = {Amer. Math. Monthly},
	VOLUME = {112},
	NUMBER = {9},
	YEAR = {2005},
	PAGES = {799--806},
}

@incollection{netto,
	AUTHOR = {Netto, Eugen},
	TITLE = {{Rationale Funktionen mehrerer Ver\"anderlichen}},
	PAGES = {255--282},
	EDITOR = {Meyer, Wilhelm Franz},
        BOOKTITLE = {Encyklop\"adie der Mathematischen Wissenschaften mit Einschluss ihrer Anwendungen, Band I, 1. Teil},
	YEAR = {1898--1904},
	PUBLISHER = {B. G. Teubner},
	ADDRESS = {Leipzig},
}

@book{jost,
	AUTHOR = {Jost, J\"urgen and Li-Jost, Xianqing},
	TITLE = {Calculus of Variations},
	SERIES = {Cambridge Studies in Advanced Mathematics},
	VOLUME = {64},
	PUBLISHER = {Cambridge University Press},
	YEAR = {1998},
}

@incollection{weber,
	AUTHOR = {Von Weber, Eduard},
	TITLE = {{Partielle Differentialgleichungen}},
	PAGES = {294--399},
	EDITOR = {Burkhardt, H. and Wirtinger, W. and Fricke, R.},
        BOOKTITLE = {Encyklop\"adie der Mathematischen Wissenschaften mit Einschluss ihrer Anwendungen, Band II, 1. Teil, 1. H\"alfte},
	YEAR = {1899--1916},
	PUBLISHER = {B. G. Teubner},
	ADDRESS = {Leipzig},
}

@incollection{kinetische,
	AUTHOR = {Boltzmann, L. and Nabl, J.},
	TITLE = {{Kinetische Theorie der Materie}},
	PAGES = {493--557},
	EDITOR = {Sommerfeld, Arnold},
	BOOKTITLE = {Encyklop\"adie der Mathematischen Wissenschaften mit Einschluss ihrer Anwendungen, Band V, 1. Teil},
	YEAR = {1903--1921},
	PUBLISHER = {B. G. Teubner},
	ADDRESS = {Leipzig},
}

@incollection{vessiot,
	AUTHOR = {Vessiot, Ernest},
	TITLE = {{Gew\"ohnliche Differentialgleichungen; elementare Integrationsmethoden}},
        PUBLISHER = {B. G. Teubner},
        EDITOR = {Burkhardt, H. and Wirtinger, W. and Fricke, R.},
        ADDRESS = {Leipzig},
        YEAR = {1899--1916},
        BOOKTITLE = {Encyklop\"adie der Mathematischen Wissenschaften mit Einschluss ihrer Anwendungen, Band II, 1. Teil, 1. H\"alfte},
        PAGES = {230--293},
}

@incollection{ehrenfest,
        AUTHOR = {Ehrenfest, Paul and Ehrenfest, Tatiana},
        PUBLISHER = {B. G. Teubner},
        EDITOR = {Klein, Felix and M\"uller, Conrad},
        ADDRESS = {Leipzig},
        YEAR = {1907--1914},
	TITLE = {{Begriffliche Grundlagen der statistischen Auffassung in der Mechanik}},
        BOOKTITLE = {Encyklop\"adie der Mathematischen Wissenschaften mit Einschluss ihrer Anwendungen, Band IV, 4. Teilband, Heft 6},
        PAGES = {3--90},
}

@incollection{prange,
        AUTHOR = {Prange, Georg},
        PUBLISHER = {B. G. Teubner},
        EDITOR = {Klein, Felix and M\"uller, Conrad},
        ADDRESS = {Leipzig},
        YEAR = {1904--1935},
        TITLE = {{Die allgemeinen Integrationsmethoden der analytischen Mechanik}},
        BOOKTITLE = {Encyklop\"adie der Mathematischen Wissenschaften mit Einschluss ihrer Anwendungen, Band IV, 2. Teilband},
        PAGES = {509--804},
}

@incollection{dialectic,
	AUTHOR = {L\"utzen, Jesper},
	TITLE = {The Interaction of Physics, Mechanics and Mathematics in {J}oseph {L}iouville's Research},
	BOOKTITLE = {The Dialectic Relation Between Physics and Mathematics in the {XIX}th Century},
	EDITOR = {Barbin, Evelyne and Pisano, Raffaele},
	PUBLISHER = {Springer},
	YEAR = {2013},
	SERIES = {History of Mechanism and Machine Science},
	VOLUME = {16},
	PAGES = {79--97},
}

@book{pettini,
	AUTHOR = {Pettini, Marco},
	TITLE = {Geometry and Topology in {H}amiltonian Dynamics and Statistical Mechanics},
	PUBLISHER = {Springer},
	YEAR = {2007},
}

@book{dibenedetto,
	AUTHOR = {Emmanuele DiBenedetto},
	TITLE = {Classical Mechanics: Theory and Mathematical Modeling},
	PUBLISHER = {Birkh\"auser},
	YEAR = {2011},
}

@book{scheck,
	TITLE = {Mechanics: From {N}ewton's Laws to Deterministic Chaos},
	AUTHOR = {Scheck, Florian},
	EDITION = {fifth},
	PUBLISHER = {Springer},
	YEAR = {2010},
}

@book{mccauley,
	AUTHOR = {McCauley, Joseph L.},
	TITLE = {Classical Mechanics: Transformations, Flows, Integrable and Chaotic Dynamics},
	PUBLISHER = {Cambridge University Press},
	YEAR = {1997},
}

@book{boltzmann,
	AUTHOR = {Boltzmann, Ludwig},
	TITLE = {Lectures on gas theory},
	PUBLISHER = {Dover Publications},
	YEAR = {1995},
	NOTE = {Translated from the German by Stephen G. Brush},
}

@incollection{truesdell1962,
	AUTHOR = {Truesdell, Clifford},
	TITLE = {The ergodic problem in classical statistical mechanics},
	YEAR = {1962},
	PAGES = {21--56},
	PUBLISHER = {Academic Press},
	EDITOR = {Caldirola, Piero},
	BOOKTITLE = {Rendiconti della Scuola internazionale di fisica
`Enrico Fermi'. XIV corso, a cura di P. Caldirola, direttore del corso. Varenna sul Lago di Como, Villa Monastero, 23--31 maggio 1960. Teorie ergodiche},
}

@book{continuum,
	AUTHOR = {Truesdell, Clifford},
	TITLE = {A first course in rational continuum mechanics, volume 1},
	EDITION = {second},
	PUBLISHER = {Academic Press},
	YEAR = {1991},
}

@book{betounes,
	AUTHOR = {Betounes, David},
	TITLE = {Differential equations: theory and applications},
	EDITION = {second},
	YEAR = {2010},
	PUBLISHER = {Springer},
}

@book{lutzen,
	AUTHOR = {L\"utzen, Jesper},
	TITLE = {{Joseph Liouville 1809--1882: master of pure and applied mathematics}},
	SERIES = {Studies in the History of Mathematics and Physical Sciences},
	VOLUME = {15},
	PUBLISHER = {Springer},
	YEAR = {1990},
}

@book{phillies,
	AUTHOR = {Phillies, George D. J.},
	TITLE = {Elementary lectures in statistical mechanics},
	PUBLISHER = {Springer},
	SERIES = {Graduate Texts in Contemporary Physics},
	YEAR = {2000},
}

@book {MR1901753,
    AUTHOR = {Emch, G{\'e}rard G. and Liu, Chuang},
     TITLE = {The logic of thermostatistical physics},
 PUBLISHER = {Springer},
      YEAR = {2002},
}

@book{emch,
    AUTHOR = {Emch, G{\'e}rard G.},
     TITLE = {Mathematical and conceptual foundations of 20th-century
              physics},
    SERIES = {North-Holland Mathematics Studies},
    VOLUME = {100},
 PUBLISHER = {North-Holland},
   ADDRESS = {Amsterdam},
      YEAR = {1984},
}

@article {navarro,
    AUTHOR = {Navarro, Luis},
     TITLE = {Gibbs, {E}instein and the foundations of statistical
              mechanics},
   JOURNAL = {Arch. Hist. Exact Sci.},
    VOLUME = {53},
      YEAR = {1998},
    NUMBER = {2},
     PAGES = {147--180},
}

@inproceedings {klein1990,
	AUTHOR = {Klein, M. J.},
	TITLE = {The physics of {J}. {W}illard {G}ibbs in his time},
	BOOKTITLE = {Proceedings of the {G}ibbs {S}ymposium,
Yale University, May 15--17, 1989},
	PAGES = {1--21},
	EDITOR = {Caldi, D. G. and Mostow, G. D.},
	PUBLISHER = {American Mathematical Society},
	ADDRESS = {Providence, RI},
	YEAR = {1990},
}

@inproceedings {wightman,
        AUTHOR = {Wightman, A. S.},
	TITLE = {On the prescience of {J.} {W}illard {G}ibbs},
        BOOKTITLE = {Proceedings of the {G}ibbs {S}ymposium,
Yale University, May 15--17, 1989},
        PAGES = {23--38},
        EDITOR = {Caldi, D. G. and Mostow, G. D.},
        PUBLISHER = {American Mathematical Society},
        ADDRESS = {Providence, RI},
        YEAR = {1990},
}

@article {MR734760,
    AUTHOR = {Lo Bello, Anthony},
     TITLE = {On the origin and history of ergodic theory},
   JOURNAL = {Boll. Storia Sci. Mat.},
  FJOURNAL = {Bollettino di Storia delle Scienze Matematiche},
    VOLUME = {3},
      YEAR = {1983},
    NUMBER = {1},
     PAGES = {37--75},
}

@book{klein,
	AUTHOR = {Klein, M. J},
	TITLE = {Paul Ehrenfest: The Making of a Theoretical Physicist},
	PUBLISHER = {Elsevier},
	YEAR = {1970},
}
