@book{master,
	AUTHOR = {Steele, J. Michael},
	TITLE = {The {C}auchy-{S}chwarz master class: an introduction to the art of mathematical inequalities},
	YEAR = {2004},
	PUBLISHER = {Cambridge University Press},
	SERIES = {MAA Problem Books Series},
}

@article {MR3078275,
    AUTHOR = {Nursultanov, E. and Tikhonov, S.},
     TITLE = {A {S}harp {R}emez {I}nequality for {T}rigonometric
              {P}olynomials},
   JOURNAL = {Constr. Approx.},
  FJOURNAL = {Constructive Approximation. An International Journal for
              Approximations and Expansions},
    VOLUME = {38},
      YEAR = {2013},
    NUMBER = {1},
     PAGES = {101--132},
      ISSN = {0176-4276},
       URL = {http://dx.doi.org.myaccess.library.utoronto.ca/10.1007/s00365-012-9172-0},
}

@article {katz,
    AUTHOR = {Katz, Victor J.},
     TITLE = {The calculus of the trigonometric functions},
   JOURNAL = {Historia Math.},
  FJOURNAL = {Historia Mathematica},
    VOLUME = {14},
      YEAR = {1987},
    NUMBER = {4},
     PAGES = {311--324},
      ISSN = {0315-0860},
     CODEN = {HIMADS},
   MRCLASS = {01A50},
MRREVIEWER = {Gordon Fisher},
       DOI = {10.1016/0315-0860(87)90064-4},
       URL = {http://dx.doi.org.myaccess.library.utoronto.ca/10.1016/0315-0860(87)90064-4},
}


@book{hua,
	AUTHOR = {Hua, Loo Keng},
	TITLE = {Introduction to number theory},
	PUBLISHER = {Springer},
	YEAR = {1982},
	NOTE = {Translated from the Chinese by Peter Shiu},
}

@article {MR2899817,
    AUTHOR = {Erd{\'e}lyi, Tam{\'a}s},
     TITLE = {Upper bounds for the {$L_q$} norm of {F}ekete polynomials
              on subarcs},
   JOURNAL = {Acta Arith.},
  FJOURNAL = {Acta Arithmetica},
    VOLUME = {153},
      YEAR = {2012},
    NUMBER = {1},
     PAGES = {81--91},
      ISSN = {0065-1036},
     CODEN = {AARIA9},
   MRCLASS = {11C08 (30C10 30C15 41A17)},
MRREVIEWER = {D. S. Lubinsky},
       DOI = {10.4064/aa153-1-5},
       URL = {http://dx.doi.org/10.4064/aa153-1-5},
}

@article {MR1016168,
    AUTHOR = {von Golitschek, M. and Lorentz, G. G.},
     TITLE = {Bernstein inequalities in {$L_p,\;0\leq p\leq +\infty$}},
   JOURNAL = {Rocky Mountain J. Math.},
  FJOURNAL = {The Rocky Mountain Journal of Mathematics},
    VOLUME = {19},
      YEAR = {1989},
    NUMBER = {1},
     PAGES = {145--156},
      ISSN = {0035-7596},
     CODEN = {RMJMAE},
   MRCLASS = {26D05 (41A17 42A05)},
MRREVIEWER = {J{\"o}ran Bergh},
       DOI = {10.1216/RMJ-1989-19-1-145},
       URL = {http://dx.doi.org/10.1216/RMJ-1989-19-1-145},
}

@article {MR558399,
    AUTHOR = {M{\'a}t{\'e}, Attila and Nevai, Paul G.},
     TITLE = {Bernstein's inequality in {$L^{p}$} for {$0<p<1$} and
              {$(C,\,1)$}\ bounds for orthogonal polynomials},
   JOURNAL = {Ann. of Math. (2)},
  FJOURNAL = {Annals of Mathematics. Second Series},
    VOLUME = {111},
      YEAR = {1980},
    NUMBER = {1},
     PAGES = {145--154},
      ISSN = {0003-486X},
     CODEN = {ANMAAH},
   MRCLASS = {42A05 (41A17)},
       DOI = {10.2307/1971219},
       URL = {http://dx.doi.org/10.2307/1971219},
}

@article{sieve,
	AUTHOR = {Montgomery, Hugh L.},	
	TITLE = {The analytic principle of the large sieve},
	JOURNAL = {Bull. Amer. Math. Soc},
	VOLUME = {84},
	NUMBER = {4},
	YEAR = {1978},
	PAGES = {547--567},
}

@book{kahane,
	AUTHOR = {Kahane, Jean-Pierre},
	TITLE = {Some random series of functions},
	EDITION = {second},
	PUBLISHER = {Cambridge University Press},
	YEAR = {1985},
}

@book{groups,
	AUTHOR = {Rudin, Walter},
	TITLE = {Fourier analysis on groups},
	PUBLISHER = {Interscience Publishers},
	YEAR = {1962},
	SERIES = {Interscience Tracts in Pure and Applied Mathematics},
	NUMBER = {12},
}

@book{schlag,
	AUTHOR = {Camil Muscalu and Wilhelm Schlag},
	TITLE = {Classical and Multilinear Harmonic Analysis, volume 1},
	SERIES = {Cambridge Studies in Advanced Mathematics},
	NUMBER = {137},
	YEAR = {2013},
	PUBLISHER = {Cambridge University Press},
}	

@book {MR1413303,
    AUTHOR = {Rudin, Walter},
     TITLE = {The way {I} remember it},
    SERIES = {History of Mathematics},
    VOLUME = {12},
 PUBLISHER = {American Mathematical Society},
   ADDRESS = {Providence, RI},
      YEAR = {1997},
     PAGES = {x+191},
      ISBN = {0-8218-0633-5},
   MRCLASS = {01A70 (01A60)},
MRREVIEWER = {R. L. Cooke},
}

@article {rudin,
    AUTHOR = {Rudin, Walter},
     TITLE = {Trigonometric series with gaps},
   JOURNAL = {Indiana Univ. Math. J.},
   	NUMBER = {2},
    VOLUME = {9},
      YEAR = {1960},
     PAGES = {203--227},
   MRCLASS = {42.00},
MRREVIEWER = {M. Tomi{\'c}},
}

@book{devore,
	AUTHOR = {DeVore, Ronald A. and Lorentz, George G.},
	TITLE = {Constructive Approximation},
	PUBLISHER = {Springer},
	YEAR = {1993},
	SERIES = {Die Grundlehren der mathematischen Wissenschaften},
	VOLUME = {303},
}

@article{E447,
	AUTHOR = {Euler, Leonhard},
	TITLE = {Summatio progressionum $\sin \phi^\lambda +\sin 2\phi^\lambda
+\sin 3\phi^\lambda+\cdots +\sin n\phi^\lambda,
\cos \phi^\lambda +\cos 2\phi^\lambda+\cos 3\phi^\lambda+\cdots+
\cos n\phi^\lambda$},
	JOURNAL = {Novi Commentarii Academiae Scientiarum Imperialis Petropolitanae},
	VOLUME = {18},
	YEAR = {1773},
	PAGES = {24--36},
	NOTE = {E447, Opera omnia I.15, pp. 168--184},
}

@book{havin,
	AUTHOR = {Havin, Victor and J\"oricke, Burglind},
	TITLE = {The Uncertainty Principle in Harmonic Analysis},
	SERIES = {Ergebnisse der Mathematik und ihrer Grenzgebiete, 3. Folge},
	VOLUME = {28},
	PUBLISHER = {Springer},
	YEAR = {1994},
}

@book{timan,
	AUTHOR = {Timan, A. F.},
	TITLE = {Theory of approximation of functions of a real variable},
	VOLUME = {34},
	SERIES = {International Series of Monographs on Pure and Applied Mathematics},
	NOTE = {Translated from the Russian by J. Berry},
	YEAR = {1963},
	PUBLISHER = {Pergamon Press},
	ADDRESS = {Oxford},
}

@article {MR1458861,
    AUTHOR = {Ash, J. Marshall and Ganzburg, Michael},
     TITLE = {An extremal problem for trigonometric polynomials},
   JOURNAL = {Proc. Amer. Math. Soc.},
  FJOURNAL = {Proceedings of the American Mathematical Society},
    VOLUME = {127},
      YEAR = {1999},
    NUMBER = {1},
     PAGES = {211--216},
      ISSN = {0002-9939},
     CODEN = {PAMYAR},
   MRCLASS = {42A05 (41A10)},
MRREVIEWER = {V. A. Baskakov},
       DOI = {10.1090/S0002-9939-99-04481-0},
       URL = {http://dx.doi.org.myaccess.library.utoronto.ca/10.1090/S0002-9939-99-04481-0},
}

@article {MR1448337,
    AUTHOR = {Folland, Gerald B. and Sitaram, Alladi},
     TITLE = {The uncertainty principle: a mathematical survey},
   JOURNAL = {J. Fourier Anal. Appl.},
  FJOURNAL = {The Journal of Fourier Analysis and Applications},
    VOLUME = {3},
      YEAR = {1997},
    NUMBER = {3},
     PAGES = {207--238},
      ISSN = {1069-5869},
   MRCLASS = {42B10 (22E30 43A30 81S05 81S30)},
MRREVIEWER = {Michael Cowling},
       DOI = {10.1007/BF02649110},
       URL = {http://dx.doi.org/10.1007/BF02649110},
}

@article{oh,
	AUTHOR = {Oh, Tadahiro and B\'enyi, \'Arp\'ad},
	TITLE = {The {S}obolev inequality on the torus revisited},
	JOURNAL = {Publ. Math. Debrecen},
}

@article {MR876290,
    AUTHOR = {Lubinsky, D. S. and M{\'a}t{\'e}, A. and Nevai, P.},
     TITLE = {Quadrature sums involving {$p$}th powers of polynomials},
   JOURNAL = {SIAM J. Math. Anal.},
  FJOURNAL = {SIAM Journal on Mathematical Analysis},
    VOLUME = {18},
      YEAR = {1987},
    NUMBER = {2},
     PAGES = {531--544},
      ISSN = {0036-1410},
     CODEN = {SJMAAH},
   MRCLASS = {41A55 (42C05)},
       DOI = {10.1137/0518041},
       URL = {http://dx.doi.org/10.1137/0518041},
}

@article {MR0197427,
    AUTHOR = {Davenport, H. and Halberstam, H.},
     TITLE = {The values of a trigonometrical polynomial at well spaced
              points},
   JOURNAL = {Mathematika},
  FJOURNAL = {Mathematika. A Journal of Pure and Applied Mathematics},
    VOLUME = {13},
      YEAR = {1966},
     PAGES = {91--96},
      ISSN = {0025-5793},
   MRCLASS = {10.41 (10.64)},
MRREVIEWER = {L. Carlitz},
}

@article {newman,
    AUTHOR = {Newman, D. J.},
     TITLE = {Norms of polynomials},
   JOURNAL = {Amer. Math. Monthly},
  FJOURNAL = {The American Mathematical Monthly},
    VOLUME = {67},
      YEAR = {1960},
     PAGES = {778--779},
      ISSN = {0002-9890},
   MRCLASS = {30.10},
MRREVIEWER = {F. Herzog},
}

@incollection {bourgain,
    AUTHOR = {Bourgain, Jean},
     TITLE = {{$\Lambda_p$}-sets in analysis: results, problems and
              related aspects},
 BOOKTITLE = {Handbook of the Geometry of {B}anach Spaces, volume {I}},
     PAGES = {195--232},
     EDITOR = {Johnson, W. B. and Lindenstrauss, J.},
 PUBLISHER = {North-Holland},
   ADDRESS = {Amsterdam},
      YEAR = {2001},
   MRCLASS = {43A46 (11K99 42B25 46N99)},
MRREVIEWER = {Kathryn Hare},
       DOI = {10.1016/S1874-5849(01)80007-3},
       URL = {http://dx.doi.org/10.1016/S1874-5849(01)80007-3},
}

@article {MR2301609,
    AUTHOR = {Bochkarev, S. V.},
     TITLE = {Multiplicative inequalities for the {$L_1$}-norm:
              applications to analysis and number theory},
   JOURNAL = {Proc. Steklov Inst. Math.},
    VOLUME = {255},
      YEAR = {2006},
     PAGES = {49--64},
      ISSN = {0371-9685},
   MRCLASS = {42A16 (42A32 42B25 46E35)},
MRREVIEWER = {Hans-J{\"u}rgen Schmeisser},
}

@article {MR1348739,
    AUTHOR = {Butzer, P. L.},
     TITLE = {The {H}ausdorff-{Y}oung theorems of {F}ourier analysis and
              their impact},
   JOURNAL = {J. Fourier Anal. Appl.},
  FJOURNAL = {The Journal of Fourier Analysis and Applications},
    VOLUME = {1},
      YEAR = {1994},
    NUMBER = {2},
     PAGES = {113--130},
      ISSN = {1069-5869},
   MRCLASS = {01A60 (42-03 46-04 46M35 47-03)},
MRREVIEWER = {H. Triebel},
       DOI = {10.1007/s00041-001-4006-7},
       URL = {http://dx.doi.org/10.1007/s00041-001-4006-7},
}

@incollection {MR1771766,
    AUTHOR = {Nazarov, Fedor L.},
     TITLE = {Complete version of {T}uran's lemma for trigonometric
              polynomials on the unit circumference},
              EDITOR = {Havin, Victor P. and Nikolski, Nikolai K.},
 BOOKTITLE = {Complex analysis, operators, and related topics: the {S. A. Vinogradov} memorial volume},
    SERIES = {Operator Theory: Advances and Applications},
    VOLUME = {113},
     PAGES = {239--246},
 PUBLISHER = {Birkh\"auser},
   ADDRESS = {Basel},
      YEAR = {2000},
   MRCLASS = {42A05},
MRREVIEWER = {V. A. Baskakov},
}

@book{littlewood,
	TITLE = {Some problems in real and complex analysis},
	AUTHOR = {J. E. Littlewood},
	PUBLISHER = {D. C. Heath and Company},
	ADDRESS = {Lexington, MA},
	YEAR = {1968},
}

@book{nathanson,
	AUTHOR = {Nathanson, Melvyn B.},
	TITLE = {Additive number theory: the classical bases},
	SERIES = {Graduate Texts in Mathematics},
	VOLUME = {164},
	YEAR = {1996},
	PUBLISHER = {Springer},
}

@article {MR1204601,
    AUTHOR = {Kleiner, I. and Shenitzer, A.},
     TITLE = {Mathematical building blocks},
   JOURNAL = {Math. Mag.},
  FJOURNAL = {Mathematics Magazine},
    VOLUME = {66},
      YEAR = {1993},
    NUMBER = {1},
     PAGES = {3--13},
      ISSN = {0025-570X},
     CODEN = {MAMGA8},
   MRCLASS = {00A05},
MRREVIEWER = {B. Artmann},
       DOI = {10.2307/2690463},
       URL = {http://dx.doi.org/10.2307/2690463},
}

@article {MR0028445,
    AUTHOR = {Hardy, G. H. and Littlewood, J. E.},
     TITLE = {A new proof of a theorem on rearrangements},
   JOURNAL = {J. London Math. Soc.},
  FJOURNAL = {Journal of the London Mathematical Society. Second Series},
    VOLUME = {23},
    NUMBER = {3},
      YEAR = {1948},
     PAGES = {163--168},
      ISSN = {0024-6107},
   MRCLASS = {42.4X},
MRREVIEWER = {R. Salem},
}

@article {MR621019,
    AUTHOR = {McGehee, O. Carruth and Pigno, Louis and Smith, Brent},
     TITLE = {Hardy's inequality and the {$L^{1}$} norm of exponential
              sums},
   JOURNAL = {Ann. of Math. (2)},
  FJOURNAL = {Annals of Mathematics. Second Series},
    VOLUME = {113},
      YEAR = {1981},
    NUMBER = {3},
     PAGES = {613--618},
      ISSN = {0003-486X},
     CODEN = {ANMAAH},
   MRCLASS = {43A17 (42A16 46J99)},
MRREVIEWER = {John Fournier},
       DOI = {10.2307/2007000},
       URL = {http://dx.doi.org/10.2307/2007000},
}

@article {MR1814174,
    AUTHOR = {Borwein, Peter and Lockhart, Richard},
     TITLE = {The expected {$L_p$} norm of random polynomials},
   JOURNAL = {Proc. Amer. Math. Soc.},
  FJOURNAL = {Proceedings of the American Mathematical Society},
    VOLUME = {129},
      YEAR = {2001},
    NUMBER = {5},
     PAGES = {1463--1472},
      ISSN = {0002-9939},
     CODEN = {PAMYAR},
   MRCLASS = {60G99 (42A05)},
       DOI = {10.1090/S0002-9939-00-05690-2},
       URL = {http://dx.doi.org/10.1090/S0002-9939-00-05690-2},
}

@book{montgomery,
	AUTHOR = {Montgomery, Hugh L.},
	TITLE = {Ten lectures on the interface between analytic number theory and harmonic analysis},
	SERIES = {CBMS Regional Conference Series in Mathematics},
	NUMBER = {84},
	PUBLISHER = {American Mathematical Society},
	ADDRESS = {Providence, RI},
	YEAR = {1994},
}

@book{polya,
	AUTHOR = {P\'olya, George and Szeg{\H o}, G\'abor},
	TITLE = {Problems and theorems in analysis, volume {II}},
	PUBLISHER = {Springer},
	YEAR = {1976},
	SERIES = {Die Grundlehren der mathematischen Wissenschaften},
	VOLUME = {216},
	NOTE = {Translated from the German by C. E. Billigheimer},
}	

@article {MR1573513,
    AUTHOR = {Lampret, Vito},
     TITLE = {The {E}uler-{M}aclaurin and {T}aylor Formulas: twin,
              elementary derivations},
   JOURNAL = {Math. Mag.},
  FJOURNAL = {Mathematics Magazine},
    VOLUME = {74},
      YEAR = {2001},
    NUMBER = {2},
     PAGES = {109--122},
      ISSN = {0025-570X},
     CODEN = {MAMGA8},
   MRCLASS = {Contributed Item},
       URL = {http://www.jstor.org.myaccess.library.utoronto.ca/stable/2690625?origin=pubexport},
}

@article {MR2668331,
    AUTHOR = {Barnes, Julia and Koss, Lorelei},
     TITLE = {The ergodic theory carnival},
   JOURNAL = {Math. Mag.},
  FJOURNAL = {Mathematics Magazine},
    VOLUME = {83},
      YEAR = {2010},
    NUMBER = {3},
     PAGES = {180--190},
      ISSN = {0025-570X},
     CODEN = {MAMGA8},
   MRCLASS = {37A05 (28-01 28D05 37-01)},
MRREVIEWER = {Pawe{\l}G{\'o}ra},
       DOI = {10.4169/002557010X494823},
       URL = {http://dx.doi.org.myaccess.library.utoronto.ca/10.4169/002557010X494823},
}

@article{yuefeng,
	AUTHOR = {Yuefeng, Feng},
	TITLE = {Proof without words: {J}ordan's inequality $\frac{2x}{\pi} \leq \sin x \leq x$, $0 \leq x \leq \frac{\pi}{2}$},
	JOURNAL = {Math. Mag.},
	VOLUME = {69},
	YEAR = {1996},
	NUMBER = {2},
	PAGES = {126},
}

@book{steinIII,
	AUTHOR = {Stein, Elias M. and Shakarchi, Rami},
	TITLE = {Real Analysis: measure theory, integration, and {H}ilbert spaces},
	SERIES = {Princeton Lectures in Analysis},
	VOLUME = {III},
	YEAR = {2005},
	PUBLISHER = {Princeton University Press},
}

@book{steinIV,
	AUTHOR = {Stein, Elias M. and Shakarchi, Rami},
	TITLE = {Functional analysis: introduction to further topics in analysis},
	SERIES = {Princeton Lectures in Analysis},
	VOLUME = {IV},
	YEAR = {2011},
	PUBLISHER = {Princeton University Press},
}

@book{steinI,
	AUTHOR = {Stein, Elias M. and Shakarchi, Rami},
	PUBLISHER = {Princeton University Press},
	TITLE = {Fourier analysis: an introduction},
	SERIES = {Princeton Lectures in Analysis},
	VOLUME = {I},
	YEAR = {2003},	
}

@book{choe,
	AUTHOR = {Choe, Geon Ho},
	TITLE = {Computational ergodic theory},
	PUBLISHER = {Springer},
	YEAR = {2005},
	SERIES = {Algorithms and Computation in Mathematics},
	VOLUME = {13},
}

@article {MR1654470,
    AUTHOR = {Bell, J. P. and Borwein, P. B. and Richmond, L. B.},
     TITLE = {Growth of the product {$\prod^n_{j=1}(1-x^{a_j})$}},
   JOURNAL = {Acta Arith.},
  FJOURNAL = {Acta Arithmetica},
    VOLUME = {86},
      YEAR = {1998},
    NUMBER = {2},
     PAGES = {155--170},
      ISSN = {0065-1036},
     CODEN = {AARIA9},
   MRCLASS = {11P82},
MRREVIEWER = {Mihail N. Kolountzakis},
}

@book{EMS,
	EDITOR = {Sinai, Ya. G.},
	TITLE = {Dynamical systems, ergodic theory and applications},
	PUBLISHER = {Springer},
	YEAR = {2000},
	SERIES = {Encyclopaedia of Mathematical Sciences},
	VOLUME = {100},
	EDITION = {second},
}

@book{einsiedler,
	AUTHOR = {Einsiedler, Manfred and Ward, Thomas},
	TITLE = {Ergodic Theory: with a view towards Number Theory},
	SERIES = {Graduate Texts in Mathematics},
	VOLUME = {259},
	PUBLISHER = {Springer},
	YEAR = {2010},
}

@book{lieb,
	TITLE = {Analysis},
	AUTHOR = {Lieb, Elliott H. and Loss, Michael},
	EDITION = {second},
	PUBLISHER = {American Mathematical Society},
	ADDRESS = {Providence, RI},
	YEAR = {2001},
	SERIES = {Graduate Studies in Mathematics},
	VOLUME = {14},
}

@article {MR3061031,
    AUTHOR = {Bell, Jordan},
     TITLE = {Estimates for the norms of products of sines and cosines},
   JOURNAL = {J. Math. Anal. Appl.},
  FJOURNAL = {Journal of Mathematical Analysis and Applications},
    VOLUME = {405},
      YEAR = {2013},
    NUMBER = {2},
     PAGES = {530--545},
      ISSN = {0022-247X},
     CODEN = {JMANAK},
   MRCLASS = {Preliminary Data},
       DOI = {10.1016/j.jmaa.2013.04.010},
       URL = {http://dx.doi.org/10.1016/j.jmaa.2013.04.010},
}

@article {MR1938223,
    AUTHOR = {Andrica, Dorin and Tomescu, Ioan},
     TITLE = {On an integer sequence related to a product of trigonometric
              functions, and its combinatorial relevance},
   JOURNAL = {J. Integer Seq.},
  FJOURNAL = {Journal of Integer Sequences},
    VOLUME = {5},
      YEAR = {2002},
    NUMBER = {2},
     PAGES = {Article 02.2.4, 8 pp. (electronic)},
      ISSN = {1530-7638},
   MRCLASS = {05A15 (05A17 11B83 11P82 33B10)},
   MRREVIEWER = {Hsien-Kuei Hwang},
}

@book{katznelson,
	AUTHOR = {Katznelson, Yitzhak},
	TITLE = {An introduction to harmonic analysis},
	EDITION = {third},
	PUBLISHER = {Cambridge University Press},
	YEAR = {2004},
	SERIES = {Cambridge Mathematical Library},
}

@article {MR0340916,
    AUTHOR = {Kristiansen, G. K.},
     TITLE = {Proof of an inequality for trigonometric polynomials},
   JOURNAL = {Proc. Amer. Math. Soc.},
  FJOURNAL = {Proceedings of the American Mathematical Society},
    VOLUME = {44},
      YEAR = {1974},
     PAGES = {49--57},
      ISSN = {0002-9939},
   MRCLASS = {42A04 (26A75)},
MRREVIEWER = {M. Marden},
}


@book {zygmund,
    AUTHOR = {Zygmund, Antoni},
     TITLE = {Trigonometric series, volumes {I} \& {II} combined},
    SERIES = {Cambridge Mathematical Library},
   EDITION = {third},
 PUBLISHER = {Cambridge University Press},
      YEAR = {2002},
      ISBN = {0-521-89053-5},
   MRCLASS = {01A75 (42-02)},
}

@article {MR0023366,
    AUTHOR = {Boas, Jr., R. P.},
     TITLE = {Inequalities for the coefficients of trigonometric
              polynomials. {II}},
   JOURNAL = {Nederl. Akad. Wetensch., Proc.},
    VOLUME = {50},
      YEAR = {1947},
     PAGES = {759--762 = Indagationes Math. 9, 369--372 (1947)},
   MRCLASS = {42.4X},
MRREVIEWER = {A. C. Offord},
}

@article {MR0021615,
    AUTHOR = {Boas, Jr., R. P.},
     TITLE = {Inequalities for the coefficients of trigonometric
              polynomials},
   JOURNAL = {Nederl. Akad. Wetensch., Proc.},
    VOLUME = {50},
      YEAR = {1947},
     PAGES = {492--495=Indagationes Math. 9, 298--301 (1947)},
   MRCLASS = {42.4X},
MRREVIEWER = {A. C. Offord},
}

@article{E393,
	AUTHOR = {Euler, Leonhard},
	TITLE = {De summis serierum numeros {B}ernoullianos involventium},
	JOURNAL = {Novi Commentarii Academiae Scientiarum Imperialis Petropolitanae},
	VOLUME = {14},
	YEAR = {1770},
	PAGES = {129--167},
	NOTE = {E393, Opera omnia I.15, pp. 91--130},
}	

@article {MR1572648,
    AUTHOR = {Galovich, Steven},
     TITLE = {Products of sines and cosines},
   JOURNAL = {Math. Mag.},
  FJOURNAL = {Mathematics Magazine},
    VOLUME = {60},
      YEAR = {1987},
    NUMBER = {2},
     PAGES = {105--113},
      ISSN = {0025-570X},
     CODEN = {MAMGA8},
   MRCLASS = {Contributed Item},
       URL = {http://www.jstor.org/stable/2690306?origin=pubexport},
}