@article{E29,
	AUTHOR = {Euler, Leonhard},
	TITLE = {{De solutione problematum Diophantaeorum per numeros integros}},
	JOURNAL = {Commentarii academiae scientiarum imperialis Petropolitanae},
	VOLUME = {6},
	YEAR = {1738},
	PAGES = {175--188},
	NOTE = {E29, Leonhardi Euleri Opera omnia I.2, pp.~6--17},
}

@article{E279,
	AUTHOR = {Euler, Leonhard},
	TITLE = {De resolutione formularum quadraticarum indeterminatarum per numeros integros},
	JOURNAL = {Novi commentarii academiae scientiarum imperialis Petropolitanae},
	VOLUME = {9},
	YEAR = {1764},
	PAGES = {3--39},
	NOTE = {E279, Leonhardi Euleri Opera omnia I.2, pp.~576--611},
}

@article{E323,
	AUTHOR = {Euler, Leonhard},
	TITLE = {De usu novi algorithmi in problemate {Pelliano} solvendo},
	JOURNAL = {Novi commentarii academiae scientiarum imperialis Petropolitanae},
	VOLUME = {11},
	YEAR = {1767},
	PAGES = {28--66},
	NOTE = {E323, Leonhardi Euleri Opera omnia I.3, pp.~73--111},
}

@book{wallisII,
	EDITOR = {Beeley, Philip and Scriba, Christoph J.},
	TITLE = {{The Correspondence of John Wallis, Volume II (1660--September 1668)}},
	PUBLISHER = {Oxford University Press},
	YEAR = {2005},
}

@article{lagrange1766,
	AUTHOR = {Lagrange, Joseph-Louis},
	TITLE = {{Solution d'un Probl{\^e}me d'Arithm{\'e}tique}},
	JOURNAL = {Miscellanea Taurinensia},
	VOLUME = {IV},
	YEAR = {1766--1769},
	PAGES = {41--97},
	NOTE = {{\OE}uvres de Lagrange, tome 1, pp.~671--731},
}

@article{lagrange1767,
	AUTHOR = {Lagrange, Joseph-Louis},
	TITLE = {{Sur la solution des Problemes ind\'etermin\'es du second degr\'e}},
	JOURNAL = {M{\'e}moires de l'Acad\'emie royale des Sciences et Belles-lettres, Berlin},
	VOLUME = {XXIII},
	YEAR = {1767},
	PAGES = {165--310},
	NOTE = {{\OE}uvres de Lagrange, tome 2, pp.~377--535},
}

@article{lagrange1768,
	AUTHOR = {Lagrange, Joseph-Louis},
	TITLE = {{Nouvelle M\'ethode pour r\'esoudre les problemes ind\'etermin\'es en
	nombres entiers}},
	JOURNAL = {M{\'e}moires de l'Acad\'emie royale des Sciences et Belles-lettres, Berlin},
	VOLUME = {XXIV},
	YEAR = {1768},
	PAGES = {181--250},
	NOTE = {{\OE}uvres de Lagrange, tome 2, pp.~655--726},
}

@book{stedall,
	AUTHOR = {Stedall, Jacqueline A.},
	TITLE = {A Discourse Concerning Algebra: {English} Algebra to 1685},
	PUBLISHER = {Oxford University Press},
	YEAR = {2002},
}

@book{ozanam,
	AUTHOR = {Ozanam, Jacques},
	TITLE = {{Nouveaux Elemens d'Algebre}},
	PUBLISHER = {George Gallet},
	ADDRESS = {Amsterdam},
	YEAR = {1702},
}

@book{dicksonII,
	AUTHOR = {Dickson, Leonard Eugene},
	TITLE = {History of the theory of numbers, volume {II}: {Diophantine} analysis},
	PUBLISHER = {Dover Publications},
	YEAR = {2005},	
}

@book{strachey,
	AUTHOR = {Strachey, Edward},
	TITLE = {{Bija Ganita: or the Algebra of the Hindus}},
	PUBLISHER = {W. Glendinning},
	ADDRESS = {London},
	YEAR = {1813},	
}

@book{algebra,
	AUTHOR = {Euler, Leonhard},
	TITLE = {Elements of Algebra},
	NOTE = {Translated by Rev. John Hewlett},
	PUBLISHER = {Springer},
	YEAR = {1984},
}

@book{struik,
	EDITOR = {Struik, D. J.},
	TITLE = {{A Source Book in Mathematics, 1200--1800}},
	PUBLISHER = {Harvard University Press},
	YEAR = {1969},
}

@book{konen,
	AUTHOR = {Konen, H.},
	TITLE = {{Geschichte der Gleichung $t^2-Du^2=1$}},
	PUBLISHER = {S. Hirzel},
	ADDRESS = {Leipzig},
	YEAR = {1901},
}

@book{euclidI,
	AUTHOR = {Heath, Thomas L.},
	PUBLISHER = {Dover Publications},
	EDITION = {second},
	TITLE = {The thirteen books of {E}uclid's {E}lements, volume {I}: {B}ooks {I}-{II}},
	YEAR = {1956},
}

@book{euclidII,
	AUTHOR = {Heath, Thomas L.},
	PUBLISHER = {Dover Publications},
	YEAR = {1956},
	TITLE = {The thirteen books of {E}uclid's {E}lements, volume {II}: {B}ooks {III}-{IX}},
	EDITION = {second},
}

@book{euclidIII,
	AUTHOR = {Heath, Thomas L.},
	PUBLISHER = {Dover Publications},
	EDITION = {second},
	TITLE = {The thirteen books of {E}uclid's {E}lements, volume {III}: {B}ooks {X}-{XIII}},
	YEAR = {1956},
}

@book{nesselmann,
	AUTHOR = {Nesselmann, G. H. F.},
	TITLE = {{Die Algebra der Griechen}},
	PUBLISHER = {G. Reimer},
	ADDRESS = {Berlin},
	YEAR = {1842},
}

@book{SGA9,
	EDITOR = {Rashed, Roshdi},
	TITLE = {{Ab\={u} K\={a}mil. Alg\`ebre et analyse diophantienne: \'edition, traduction et commentaire}},
	SERIES = {Scientia Graeco-Arabica},
	VOLUME = {9},
	PUBLISHER = {De Gruyter},
	YEAR = {2012},
}

@book{fowler,
	AUTHOR = {Fowler, David},
	TITLE = {The mathematics of {P}lato's {A}cademy: a new reconstruction},
	EDITION = {second},
	YEAR = {1999},
	PUBLISHER = {Clarendon Press},
	ADDRESS = {Oxford},
}

@book{SN30,
	AUTHOR = {Keller, Agathe},
	TITLE = {{Expounding the Mathematical Seed. Volume 1: The Translation.
A Translation of Bh{\=a}skara I on the Mathematical Chapter of the {\=A}ryabhat{\=\i}ya}},
	PUBLISHER = {Birkh{\=a}user},
	SERIES = {Science Networks. Historical Studies},
	VOLUME = {30},
	YEAR = {2006},
}

@book{weil,
	AUTHOR = {Weil, Andr\'e},
	TITLE = {Number Theory: An approach through history from {H}ammurapi to {L}egendre},
	PUBLISHER = {Birkh{\" a}user},
	YEAR = {1984},
}

@book{SN31,
	AUTHOR = {Keller, Agathe},
	TITLE = {{Expounding the Mathematical Seed. Volume 2: The Supplements.
A Translation of Bh{\=a}skara I on the Mathematical Chapter of the {\=A}ryabhat{\=\i}ya}},
	PUBLISHER = {Birkh{\=a}user},
	SERIES = {Science Networks. Historical Studies},
	VOLUME = {31},
	YEAR = {2006},
}

@book{colebrooke,
	AUTHOR = {Colebrooke, Henry Thomas},
	TITLE = {{Algebra, with arithmetic and mensuration, from the Sanscrit of Brahmegupta and Bh\'ascara}},
	PUBLISHER = {John Murray},
	ADDRESS = {London},
	YEAR = {1817},	
}

@book{clark,
	AUTHOR = {Clark, Walter Eugene},
	TITLE = {{The {\=A}ryabha{\d t}{\=\i}ya of {\=A}ryabha{\d t}a}},
	PUBLISHER = {University of Chicago Press},
	YEAR = {1930},
}

@book{elfering,
	TITLE = {{Die Mathematik des Aryabhata I. Text, \"Ubersetzung aus dem Sanskrit und Kommentar}},
	AUTHOR = {Elfering, Kurt},
	PUBLISHER = {Wilhelm Fink Verlag},
	ADDRESS = {M\"unchen},
	YEAR = {1975},
}

@article{jayadeva,
	AUTHOR = {Shukla, K. S.},
	TITLE = {{Acarya Jayadeva}, the mathematician},
	JOURNAL = {Ga{\d n}ita},
	VOLUME = {5},
	PAGES = {1--20},
	YEAR = {1954},
}

@book {HW,
	AUTHOR = {Hardy, G. H. and Wright, E. M.},
	TITLE = {An introduction to the theory of numbers},
	EDITION = {Fifth},
	PUBLISHER = {Clarendon Press},
	ADDRESS = {Oxford},
	YEAR = {1979},
}

@article{selenius,
	AUTHOR = {Selenius, Clas-Olof},
	TITLE = {{Rationale of the chakrav\={a}la process of Jayadeva and Bh\={a}skara II}},
	JOURNAL = {Historia Math.},
	VOLUME = {2},
	NUMBER = {2},
	YEAR = {1975},
	PAGES = {167--184},
}

@book{datta,
	AUTHOR = {Datta, Bibhutibhusan and Singh, Avadhesh Narayan},
	TITLE = {{History of Hindu Mathematics: A Source Book. Parts I and II}},
	PUBLISHER = {Asia Publishing House},
	ADDRESS = {Bombay},
	YEAR = {1962},
}

@book{diophantus,
	AUTHOR = {Heath, Thomas L.},
	YEAR = {1964},
	PUBLISHER = {Dover Publications},
	EDITION = {second},
	TITLE = {Diophantus of {A}lexandria: A Study in the History of {G}reek Algebra},
}

@book{hankel,
	AUTHOR = {Hankel, Hermann},
	TITLE = {{Zur Geschichte der Mathematik in Alterthum und Mittelalter}},
	PUBLISHER = {B. G. Teubner},
	ADDRESS = {Leipzig},
	YEAR = {1874},
}