@book {MR0412107,
    AUTHOR = {Schoeneberg, Bruno},
     TITLE = {Elliptic modular functions: an introduction},
      NOTE = {Translated from the German by J. R. Smart and E. A. Schwandt,
              Die Grundlehren der mathematischen Wissenschaften, Band 203},
 PUBLISHER = {Springer-Verlag},
   ADDRESS = {New York},
      YEAR = {1974},
     PAGES = {viii+233},
   MRCLASS = {10D05},
  OMRNUMBER = {MR0412107 (54 \#236)},
MRREVIEWER = {W. W. Stothers},
}

@book {MR0106147,
    AUTHOR = {Hardy, G. H.},
     TITLE = {Ramanujan: twelve lectures on subjects suggested by his life
              and work. },
 PUBLISHER = {Chelsea Publishing Company, New York},
      YEAR = {1959},
     PAGES = {iii+236 pp. (1 plate)},
   MRCLASS = {01.00},
  OMRNUMBER = {MR0106147 (21 \#4881)},
}

@book {MR1431508,
    AUTHOR = {Bump, Daniel},
     TITLE = {Automorphic forms and representations},
    SERIES = {Cambridge Studies in Advanced Mathematics},
    VOLUME = {55},
 PUBLISHER = {Cambridge University Press},
   ADDRESS = {Cambridge},
      YEAR = {1997},
     PAGES = {xiv+574},
      ISBN = {0-521-55098-X},
   MRCLASS = {11F70 (11F41 11R39 22E50 22E55)},
  OMRNUMBER = {MR1431508 (97k:11080)},
MRREVIEWER = {Solomon Friedberg},
}

@book{whittaker,
	AUTHOR = {Whittaker, E. T. and Watson, G. N.},
	TITLE = {A course of modern analysis},
	EDITION = {Fourth},
	YEAR = {1935},
	PUBLISHER = {Cambridge University Press},
}

@article {MR0110802,
    AUTHOR = {Rademacher, Hans},
     TITLE = {A proof of a theorem on modular functions},
   JOURNAL = {Amer. J. Math.},
  FJOURNAL = {American Journal of Mathematics},
    VOLUME = {82},
      YEAR = {1960},
     PAGES = {338--340},
      ISSN = {0002-9327},
   MRCLASS = {30.00},
  OMRNUMBER = {MR0110802 (22 \#1670)},
MRREVIEWER = {T. Estermann},
}

@book {MR1193029,
    AUTHOR = {Knapp, Anthony W.},
     TITLE = {Elliptic curves},
    SERIES = {Mathematical Notes},
    VOLUME = {40},
 PUBLISHER = {Princeton University Press},
   ADDRESS = {Princeton, NJ},
      YEAR = {1992},
     PAGES = {xvi+427},
      ISBN = {0-691-08559-5},
   MRCLASS = {11G05 (11-01 11F11 14H52)},
  OMRNUMBER = {MR1193029 (93j:11032)},
MRREVIEWER = {Joseph H. Silverman},
}

@book{munkres,
  AUTHOR = {Munkres, James R.},
  TITLE = {Topology. 2nd ed.},
  PUBLISHER = {Prentice Hall},
  YEAR = {2000},
}

@book {MR0132828,
    AUTHOR = {Gunning, R. C.},
     TITLE = {Lectures on modular forms},
    SERIES = {Notes by Armand Brumer. Annals of Mathematics Studies, No. 48},
 PUBLISHER = {Princeton University Press},
   ADDRESS = {Princeton, N.J.},
      YEAR = {1962},
     PAGES = {iv+86},
   MRCLASS = {10.20 (30.49)},
  OMRNUMBER = {MR0132828 (24 \#A2664)},
MRREVIEWER = {E. Grosswald},
}

@book {MR0122819,
    AUTHOR = {Gel{$'$}fand, I. M.},
     TITLE = {Lectures on linear algebra},
    SERIES = {Translated from the revised second Russian edition by A.
              Shenitzer},
 PUBLISHER = {Interscience Tracts in Pure and Applied Mathematics, No. 9.
              Interscience Publishers, New York-London},
      YEAR = {1961},
     PAGES = {ix+185},
   MRCLASS = {15.00},
  OMRNUMBER = {MR0122819 (23 \#A152)},
}

@book {MR1345154,
    AUTHOR = {Stillwell, John},
     TITLE = {Geometry of surfaces},
    SERIES = {Universitext},
      NOTE = {Corrected reprint of the 1992 original},
 PUBLISHER = {Springer-Verlag},
   ADDRESS = {New York},
      YEAR = {1992},
     PAGES = {xii+216},
      ISBN = {0-387-97743-0},
   MRCLASS = {53-01 (51-01 51Mxx 57-01)},
  OMRNUMBER = {MR1345154 (96e:53001)},
MRREVIEWER = {David Singerman},
}

@book {MR1976398,
    AUTHOR = {Stein, Elias M. and Shakarchi, Rami},
     TITLE = {Complex analysis},
    SERIES = {Princeton Lectures in Analysis, II},
 PUBLISHER = {Princeton University Press},
   ADDRESS = {Princeton, NJ},
      YEAR = {2003},
     PAGES = {xviii+379},
      ISBN = {0-691-11385-8},
   MRCLASS = {30-01},
  OMRNUMBER = {MR1976398 (2004d:30002)},
MRREVIEWER = {Heinrich Begehr},
}

@book {MR0385023,
    AUTHOR = {Rudin, Walter},
     TITLE = {Principles of mathematical analysis},
   EDITION = {Third},
      NOTE = {International Series in Pure and Applied Mathematics},
 PUBLISHER = {McGraw-Hill Book Co.},
   ADDRESS = {New York},
      YEAR = {1976},
     PAGES = {x+342},
   MRCLASS = {26-02},
  OMRNUMBER = {MR0385023 (52 \#5893)},
}

@book {MR568909,
    AUTHOR = {Hardy, G. H. and Wright, E. M.},
     TITLE = {An introduction to the theory of numbers},
   EDITION = {Fifth},
 PUBLISHER = {The Clarendon Press Oxford University Press},
   ADDRESS = {New York},
      YEAR = {1979},
     PAGES = {xvi+426},
      ISBN = {0-19-853170-2; 0-19-853171-0},
   MRCLASS = {10-01},
  OMRNUMBER = {MR568909 (81i:10002)},
MRREVIEWER = {T. M. Apostol},
}

@book {MR0344216,
    AUTHOR = {Serre, J.-P.},
     TITLE = {A course in arithmetic},
      NOTE = {Translated from the French,
              Graduate Texts in Mathematics, No. 7},
 PUBLISHER = {Springer-Verlag},
   ADDRESS = {New York},
      YEAR = {1973},
     PAGES = {viii+115},
   MRCLASS = {12-02 (10CXX 10DXX)},
  OMRNUMBER = {MR0344216 (49 \#8956)},
}

@book {MR808396,
    AUTHOR = {Chandrasekharan, K.},
     TITLE = {Elliptic functions},
    SERIES = {Grundlehren der Mathematischen Wissenschaften [Fundamental
              Principles of Mathematical Sciences]},
    VOLUME = {281},
 PUBLISHER = {Springer-Verlag},
   ADDRESS = {Berlin},
      YEAR = {1985},
     PAGES = {xi+189},
      ISBN = {3-540-15295-4},
   MRCLASS = {11F11 (11-02 33A25)},
  OMRNUMBER = {MR808396 (87e:11058)},
MRREVIEWER = {Marvin I. Knopp},
}

@book {MR1659317,
    AUTHOR = {Lang, Serge},
     TITLE = {Complex analysis},
    SERIES = {Graduate Texts in Mathematics},
    VOLUME = {103},
   EDITION = {Fourth},
 PUBLISHER = {Springer-Verlag},
   ADDRESS = {New York},
      YEAR = {1999},
     PAGES = {xiv+485},
      ISBN = {0-387-98592-1},
   MRCLASS = {30-01},
  OMRNUMBER = {MR1659317 (99i:30001)},
}

@incollection {MR938970,
    AUTHOR = {Swinnerton-Dyer, H. P. F.},
     TITLE = {Congruence properties of {$\tau(n)$}},
 BOOKTITLE = {Ramanujan revisited (Urbana-Champaign, Ill., 1987)},
     PAGES = {289--311},
 PUBLISHER = {Academic Press},
   ADDRESS = {Boston, MA},
      YEAR = {1988},
   MRCLASS = {11F35 (11F30 11F33)},
  OMRNUMBER = {MR938970 (89e:11028)},
MRREVIEWER = {M. Ram Murty},
}

@book {MR0379375,
    AUTHOR = {Gelbart, Stephen S.},
     TITLE = {Automorphic forms on ad\`ele groups},
      NOTE = {Annals of Mathematics Studies, No. 83},
 PUBLISHER = {Princeton University Press},
   ADDRESS = {Princeton, N.J.},
      YEAR = {1975},
     PAGES = {x+267},
   MRCLASS = {10D05 (10D15 22E55)},
  OMRNUMBER = {MR0379375 (52 \#280)},
MRREVIEWER = {J. G. Arthur},
}

@book {MR0422157,
    AUTHOR = {Apostol, Tom M.},
     TITLE = {Modular functions and {D}irichlet series in number theory},
      NOTE = {Graduate Texts in Mathematics, No. 41},
 PUBLISHER = {Springer-Verlag},
   ADDRESS = {New York},
      YEAR = {1976},
     PAGES = {x+198},
   MRCLASS = {10D05 (10H10 30A16)},
  OMRNUMBER = {MR0422157 (54 \#10149)},
MRREVIEWER = {E. Grosswald},
}


