@incollection{ullman,
	AUTHOR = {Ullman, Berthold L.},
	TITLE = {Geometry in the Mediaeval Quadrivium},
	PAGES = {263--285},
	EDITOR = {Mardersteig, G.},
	BOOKTITLE = {Studi di bibliografia e di storia in onore di Tammaro de Marinis, vol. IV},
	PUBLISHER = {Stamperia Valdonega},
	ADDRESS = {Verona},
	YEAR = {1964},
}

@article{goldstein,
	AUTHOR = {Goldstein, Bernard R.},
	TITLE = {Eratosthenes on the ``measurement'' of the earth},
	JOURNAL = {Historia Math.},
	VOLUME = {11},
	YEAR = {1984},
	PAGES = {411--416},
}

@incollection{robson,
	AUTHOR = {Robson, Eleanor},
	TITLE = {Mesopotamian mathematics},
	PAGES = {57--186},
	EDITOR = {Katz, Victor},
	BOOKTITLE = {The Mathematics of Egypt, Mesopotamia, China, India, and Islam: A Sourcebook},
	PUBLISHER = {Princeton University Press},
	YEAR = {2007},
}

@book{egyptian3,
	AUTHOR = {Clagett, Marshall},
	TITLE = {{Ancient Egyptian Science: A Source Book. Volume Three: Ancient Egyptian Mathematics}},
	YEAR = {1999},
	PUBLISHER = {American Philosophical Society},
	ADDRESS = {Philadelphia},
	SERIES = {Memoirs of the American Philosophical Society},
	VOLUME = {232},
}

@incollection{folkerts,
	AUTHOR = {Folkerts, Menso},
	TITLE = {{Mathematische Probleme in Corpus agrimensorum}},
	PAGES = {310--336},
	YEAR = {1992},
	EDITOR = {Behrends, Okko and Capogrossi Colognesi, Luigi},
	BOOKTITLE = {Die r\"omische Feldme{\ss}kunst. Interdisziplin\"are Beitr\"age zu ihrer Bedeutung f\"ur die Zivilisationsgeschichte Roms},
	PUBLISHER = {Vandenhoeck \& Ruprecht},
	ADDRESS = {G\"ottingen},
	SERIES = {Abhandlungen der Akademie der Wissenschaften in G\"ottingen, Philologisch-Historische Klasse,
	3. Folge},
	NUMBER = {193},
}

@book{bouma,
	AUTHOR = {Bouma, Jelle},
	TITLE = {{Marcus Iunius Nypsus -- Fluminis varatio, Limitis repositio: introduction, text, translation and commentary}},
	PUBLISHER = {Peter Lang},
	ADDRESS = {Frankfurt am Main},
	YEAR = {1993},
	SERIES = {Studien zur klassischen Philologie},
	VOLUME = {77},
}

@book{fisc,
	TITLE = {G\'eometries du fisc byzantin},
	AUTHOR = {J. Lefort and R. Bondoux and J.-Cl. Cheynet and J.-P. Gr\'elois and Vassiliki Kravari and J.-M. Martin},
	PUBLISHER = {\'Editions P. Lethielleux},
	ADDRESS = {Paris},
	YEAR = {1991},
	SERIES = {R\'ealites byzantines},
}

@book{fitch,
	AUTHOR = {Fitch, John G.},
	TITLE = {{Palladius, {\em Opus Agriculturae: The Work of Farming}}},
	PUBLISHER = {Prospect Books},
	ADDRESS = {Totnes},
	YEAR = {2013},
}

@book{vegetius,
	AUTHOR = {Milner, N. P.},
	TITLE = {Vegetius: {E}pitome of Military Science},
	PUBLISHER = {Liverpool University Press},
	YEAR = {1996},
	SERIES = {Translated Texts for Historians},
	VOLUME = {16},
	EDITION = {second},
}

@book{geography,
	TITLE = {Ptolemy's {{\em Geography}}: An Annotated Translation of the Theoretical Chapters},
	AUTHOR = {Berggren, J. Lennart and Jones, Alexander},
	YEAR = {2000},
	PUBLISHER = {Princeton University Press},
}

@book{blumeI,
	TITLE = {{Die Schriften der r\"omischen Feldmesser. Erster Band: Texte und Zeichnungen}},
	EDITOR = {Blume, F. and Lachmann, K. and Rudorff, A.},
	YEAR = {1848},
	PUBLISHER = {Georg Reimer},
	ADDRESS = {Berlin},
}

@book{guillaumin,
	TITLE = {{Corpus agrimensorum Romanorum. II. Balbus, Pr\'esentation syst\'ematique de toutes les figures; III. Podismus et textes connexes}},
	YEAR = {1996},
	PUBLISHER = {Jovene Editore},
	ADDRESS = {Naples},
	AUTHOR = {Guillaumin, Jean-Yves},
	SERIES = {Di\'aphora},
	VOLUME = {5},
}

@book{DMP,
	AUTHOR = {Parker, Richard A.},
	PUBLISHER = {Brown University Press},
	YEAR = {1972},
	TITLE = {Demotic Mathematical Papyri},
	SERIES = {Brown Egyptological Studies},
	NUMBER = {7},
}

@book{plommer,
	AUTHOR = {Plommer, Hugh},
	TITLE = {Vitruvius and later {R}oman building manuals},
	PUBLISHER = {Cambridge University Press},
	YEAR = {1973},
	SERIES = {Cambridge Classical Studies},
}

@book{varro,
	AUTHOR = {Hooper, William Davis and Ash, Harrison Boyd},
	TITLE = {{Cato and Varro: On Agriculture}},
	SERIES = {Loeb Classical Library},
	NUMBER = {283},
	PUBLISHER = {Harvard University Press},
	YEAR = {1934},
}

@book{columellaII,
	AUTHOR = {E. S. Forster and Edward H. Heffner},
	TITLE = {Columella, {{\em On Agriculture}}, Volume {II}: Books 5--9},
	SERIES = {Loeb Classical Library},
	NUMBER = {407},
	PUBLISHER = {Harvard University Press},
	YEAR = {1954},
}

@book{vitruvius,
	AUTHOR = {Schofield, Richard},
	TITLE = {{Vitruvius, {\em On Architecture}}},
	YEAR = {2009},
	SERIES = {Penguin Classics},
	PUBLISHER = {Penguin Books},
}

@book{hoyrup,
	AUTHOR = {H{\o}yrup, Jens},
	TITLE = {Lengths, Widths, Surfaces: A Portrait of Old {B}abylonian Algebra and Its Kin},
	PUBLISHER = {Springer},
	SERIES = {Sources and Studies in the History of Mathematics and Physical Sciences},
	YEAR = {2001},
}

@book{palladius,
	AUTHOR = {Rodgers, R. H.},
	TITLE = {An introduction to {P}alladius},
	PUBLISHER = {Institute of Classical Studies},
	YEAR = {1975},
	ADDRESS = {London},
	SERIES = {University of London, Institute of Classical Studies, Bulletin Supplement},
	NUMBER = {35},
}

@book{palladii,
	EDITOR = {Rodgers, R. H.},
	TITLE = {{Palladius Rutilius Taurus Aemilianus Opus agriculturae, De veterinaria medicina, De insitione}},
	PUBLISHER = {B. G. Teubner},
	YEAR = {1975},
	SERIES = {Bibliotheca scriptorum Graecorum et Romanorum Teubneriana},
}

@book{frontinus,
	EDITOR = {Rodgers, R. H.},
	SERIES = {Cambridge Classical Texts and Commentaries},
	VOLUME = {42},
	PUBLISHER = {Cambridge University Press},
	YEAR = {2004},
	TITLE = {{Frontinus: De Aquaeductu Urbis Romae}},
}

@unpublished{rodgers,
	NOTE = {\url{http://www.uvm.edu/~rrodgers/Frontinus.html}},
	AUTHOR = {Rodgers, R. H.},
	TITLE = {{Sextus Julius Frontinus on the Water-Management of the City of Rome}},
	YEAR = {2003},
}

@book{almagest,
	AUTHOR = {Toomer, G. J.},
	TITLE = {{Ptolemy's {\em Almagest}}},
	PUBLISHER = {Duckworth},
	YEAR = {1984},
}

@book{HGMII,
	AUTHOR = {Heath, Thomas L.},
	TITLE = {A history of {G}reek mathematics, volume {II}},
	PUBLISHER = {Clarendon Press},
	ADDRESS = {Oxford},
	YEAR = {1921},
}

@book{metrica,
	TITLE = {{H\'eron d'Alexandrie, {\em Metrica}, introduction, texte critique, traduction fran\c{c}aise et notes de commentaire}},
	PUBLISHER = {Fabrizio Serra editore},
	SERIES = {Mathematica graeca antiqua},
	VOLUME = {4},
	YEAR = {2014},
	AUTHOR = {Acerbi, Fabio and Vitrac, Bernard},
}

@book{heronisIII,
	EDITOR = {Sch\"one, Hermann},
	TITLE = {{Heronis Alexandrini opera quae supersunt omnia, volumen III: Rationes dimetiendi et commentatio dioptrica}},
	PUBLISHER = {B. G. Teubner},
	YEAR = {1903},
	ADDRESS = {Leipzig},
}

@book{heronisIV,
	EDITOR = {Heiberg, J. L.},
	TITLE = {{Heronis Alexandrini opera quae supersunt omnia, volumen IV: Heronis definitiones cum variis collectionibus. Heronis quae feruntur geometrica}},
	PUBLISHER = {B. G. Teubner},
	YEAR = {1976},
	ADDRESS = {Stuttgart},
}

@book{heronisV,
	EDITOR = {Heiberg, J. L.},
	TITLE = {{Heronis Alexandrini opera quae supersunt omnia, volumen V: Heronis quae feruntur stereometrica et de mensuris}},
	PUBLISHER = {B. G. Teubner},
	YEAR = {1976},
	ADDRESS = {Stuttgart},
}

@book{HAMA,
	TITLE = {A History of Ancient Mathematical Astronomy},
	YEAR = {1975},
	AUTHOR = {Neugebauer, O.},
	PUBLISHER = {Springer},
	SERIES = {Studies in the History of Mathematics and Physical Sciences},
	VOLUME = {1},
}

@book{dicks,
	AUTHOR = {Dicks, D. R.},
	TITLE = {The Geographical Fragments of {H}ipparchus},
	PUBLISHER = {University of London, Athlone Press},
	YEAR = {1960},
}

@book{MSRI,
	AUTHOR = {Hultsch, Friedrich},
	TITLE = {{Metrologicorum scriptorum reliquiae. Volumen I quo scriptores Graeci continentur}},
	PUBLISHER = {B. G. Teubner},
	ADDRESS = {Lipsiae},
	YEAR = {1864},
	SERIES = {Bibliotheca scriptorum Graecorum et Romanorum Teubneriana},
}

@book{MSRII,
	AUTHOR = {Hultsch, Friedrich},
	TITLE = {{Metrologicorum scriptorum reliquiae. Volumen II quo scriptores Romani et Indices continentur}},
	PUBLISHER = {B. G. Teubner},
	ADDRESS = {Lipsiae},
	YEAR = {1866},
	SERIES = {Bibliotheca scriptorum Graecorum et Romanorum Teubneriana},
}

@book{metrologie,
	AUTHOR = {Hultsch, Friedrich},
	EDITION = {second},
	TITLE = {{Griechische und r\"omische Metrologie}},
	PUBLISHER = {Wiedmannsche Buchhandlung},
	ADDRESS = {Berlin},
	YEAR = {1882},
}

@book{marsden,
	AUTHOR = {Marsden, E. W.},
	TITLE = {Greek and {Roman} artillery: technical treatises},
	PUBLISHER = {Clarendon Press},
	ADDRESS = {Oxford},
	YEAR = {1971},
}

@book{cohen,
	EDITOR = {Cohen, Morris R. and Drabkin, I. E.},
	TITLE = {{A Source Book in Greek Science}},
	PUBLISHER = {Harvard University Press},
	SERIES = {Source Books in the History of the Sciences},
	YEAR = {1948},
}

@book{campbell,
	AUTHOR = {Campbell, Brian},
	TITLE = {The Writings of the {R}oman Land Surveyors. {I}ntroduction, Text, Translation and Commentary},
	PUBLISHER = {Society for the Promotion of Roman Studies},
	SERIES = {Journal of Roman Studies Monographs},
	NUMBER = {9},
	YEAR = {2000},
	ADDRESS = {London},
}

@book{cesti,
	AUTHOR = {Wallraff, Martin and Scardino, Carlo and Mecella, Laura and Guignard, Christophe Jean-Daniel},
	NOTE = {Translated by William Adler},
	TITLE = {{Iulius Africanus, Cesti, The Extant Fragments}},
	PUBLISHER = {De Gruyter},
	YEAR = {2012},
	SERIES = {Die griechischen christlichen Schriftsteller der ersten Jahrhunderte N.F.},
	VOLUME = {18},
}

@book{homann,
	AUTHOR = {Homann, Frederick A.},
	TITLE = {{Hugh of Saint Victor, {\em Practical Geometry}}},
	YEAR = {1991},
	SERIES = {Mediaeval Philosophical Texts in Translation},
	NUMBER = {29},
	PUBLISHER = {Marquette University Press},
}

@book{fibonacci-practica,
	AUTHOR = {Hughes, Barnabas},
	TITLE = {{Fibonacci's {\em De practica geometrie}}},
	YEAR = {2008},
	SERIES = {Sources and Studies in the History of Mathematics and Physical Sciences},
	PUBLISHER = {Springer},
}

@book{artis,
	AUTHOR = {Victor, Stephen K.},
	TITLE = {{Practical geometry in the High Middle Ages: {\em Artis cuiuslibet consummatio} and the {\em Pratike de geometrie}}},
	YEAR = {1979},
	SERIES = {Memoirs of the American Philosophical Society},
	VOLUME = {134},
	PUBLISHER = {American Philosophical Society},
	ADDRESS = {Philadelphia},
}


