@book{hellenistic2004,
	EDITOR = {Bagnall, Roger S. and Derow, Peter},
	TITLE = {{The Hellenistic Period: Historical Sources in Translation}},
	PUBLISHER = {Blackwell Publishing},
	YEAR = {2004},
	SERIES = {Blackwell Sourcebooks in Ancient History},
	VOLUME = {1},
}

@incollection{rahmstorf,
	AUTHOR = {Rahmstorf, Lorenz},
	TITLE = {{The concept of weighing during the Bronze Age in the Aegean, the Near East and Europe}},
	PAGES = {88--105},
	EDITOR = {Morley, Iain and Renfrew, Colin},
	BOOKTITLE = {The Archaeology of Measurement:
Comprehending Heaven, Earth and Time in Ancient Societies},
	PUBLISHER = {Cambridge University Press},
	YEAR = {2010},
}

@book{petrie1926,
	AUTHOR = {Petrie, Flinders},
	TITLE = {{Ancient weights and measures, illustrated by the Egyptian collection in University College, London}},
	YEAR = {1926},
	PUBLISHER = {Department of Egyptology, University College},
	ADDRESS = {London},
}

@incollection{corolla,
	BOOKTITLE = {{Corolla Numismatica. Numismatic Essays in Honour of Barclay V. Head}},
	EDITOR = {Hill, G. F.},
	PUBLISHER = {Oxford University Press},
	YEAR = {1906},
	AUTHOR = {Evans, Arthur},
	TITLE = {{Minoan weights and mediums of currency, from Crete, Mycenae and Cyprus}},
	PAGES = {336--367},
}

@book{knossosII2,
	AUTHOR = {Evans, Arthur},
	TITLE = {{The Palace of Minos: a comparative account of the successive stages of the early Cretan civilization as illustrated by the discoveries at Knossos. Volume II: Part 2}},
	PUBLISHER = {Macmillan and Co.},
	ADDRESS = {London},
	YEAR = {1928},	
}

@book{knossosIV2,
	AUTHOR = {Evans, Arthur},
	TITLE = {{The Palace of Minos: a comparative account of the successive stages of the early Cretan civilization as illustrated by the discoveries at Knossos. Volume IV: Part 2}},
	PUBLISHER = {Macmillan and Co.},
	ADDRESS = {London},
	YEAR = {1935},	
}

@article{thonemann,
	AUTHOR = {Thonemann, Peter},
	TITLE = {{Estates and the Land in Early Hellenistic Asia Minor: The Estate of Krateuas}},
	JOURNAL = {Chiron: Mitteilungen der Kommission f\"ur Alte Geschichte und Epigraphik},
	VOLUME = {39},
	YEAR = {2009},
	PAGES = {363--393},
}

@book{pernice,
	AUTHOR = {Pernice, Erich},
	TITLE = {{Griechische Gewichte}},
	PUBLISHER = {Weidmannsche Buchhandlung},
	ADDRESS = {Berlin},
	YEAR = {1894},
}

@book{PLondV,
	EDITOR = {Bell, H. I.},
	TITLE = {{Greek Papyri in the British Museum, Vol. V}},
	PUBLISHER = {British Museum},
	ADDRESS = {London},
	YEAR = {1917},
}

@article{bagnall1996,
	AUTHOR = {Bagnall, Roger S. and Manning, Joseph G. and Sidebotham, Steven E. and Zitterkopf, Ronald E.},
	TITLE = {{A Ptolemaic Inscription from Bir 'Iayyan}},
	JOURNAL = {Chronique d'\'Egypte},
	VOLUME = {71},
	NUMBER = {142},
	YEAR = {1996},
	PAGES = {317--330},
}

@article{lang1956,
	AUTHOR = {Lang, Mabel},
	TITLE = {Numerical Notation on {Greek} Vases},
	JOURNAL = {Hesperia: The Journal of the American School of Classical Studies at Athens},
	VOLUME = {25},
	NUMBER = {1},
	PAGES = {1--24},
	YEAR = {1956},
}

@article{grace1934,
	AUTHOR = {Grace, Virginia},
	TITLE = {Stamped Amphora Handles Found in 1931--1932},
	JOURNAL = {Hesperia: The Journal of the American School of Classical Studies at Athens},
	VOLUME = {3},
	NUMBER = {3},
	PAGES = {197--310},
	YEAR = {1934},
}

@book{engels,
	TITLE = {{Alexander the Great and the logistics of the Macedonian army}},
	AUTHOR = {Engels, Donald W.},
	PUBLISHER = {University of Califronia Press},
	YEAR = {1978},
}

@book{eratosthenes,
	AUTHOR = {Roller, Duane W.},
	TITLE = {{Eratosthenes' {\em Geography}}},
	PUBLISHER = {Princeton University Press},
	YEAR = {2010},
}

@book{dicks,
	AUTHOR = {Dicks, D. R.},
	TITLE = {The Geographical Fragments of {H}ipparchus},
	PUBLISHER = {University of London, Athlone Press},
	YEAR = {1960},
}

@book{walbankII,
	AUTHOR = {Walbank, F. W.},
	TITLE = {{A Historical Commentary on Polybius, Volume II: Commentary on Books VII--XVIII}},
	PUBLISHER = {Clarendon Press},
	ADDRESS = {Oxford},
	YEAR = {1967},
}

@book{SEHHW,
	AUTHOR = {Rostovtzeff, M.},
	TITLE = {The Social and Economic History of the {Hellenistic} World, 3 vols.},
	PUBLISHER = {Clarendon Press},
	ADDRESS = {Oxford},
	YEAR = {1953},
}

@book{ventris,
	AUTHOR = {Ventris, Michael and Chadwick, John},
	TITLE = {{Documents in Mycenaean Greek:
Three Hundred Selected Tablets from Knossos, Pylos and Mycenae with Commentary and Vocabulary}},
	PUBLISHER = {Cambridge University Press},
	YEAR = {1973},
	EDITION = {second},
}

@incollection{RLA7,
	EDITOR = {Edzard, Dietz Otto},
	BOOKTITLE = {{Reallexikon der Assyriologie und Vorderasiatischen Arch\"aologie. Bd. 7. Libanuk\v{s}aba\v{s} -- Medizin}},
	PUBLISHER = {Walter de Gruyter},
	YEAR = {1987--1990},
	AUTHOR = {Powell, M. A.},
	TITLE = {{Ma{\ss}e und Gewichte}},
	PAGES = {457--517},
}

@incollection{hout,
	EDITOR = {Edzard, Dietz Otto},
	BOOKTITLE = {{Reallexikon der Assyriologie und Vorderasiatischen Arch\"aologie. Bd. 7. Libanuk\v{s}aba\v{s} -- Medizin}},
	PUBLISHER = {Walter de Gruyter},
	YEAR = {1987--1990},
	AUTHOR = {{van den Hout}, Th. P. J.},
	TITLE = {{Ma{\ss}e und Gewichte. Bei den Hethitern}},
	PAGES = {517--527},
}

@book{PRyl2,
	EDITOR = {Johnson, J. de M. and Martin, Victor and Hunt, Arthur S.},
	TITLE = {{Catalogue of the Greek papyri in the John Rylands Library, Manchester. Volume II. Documents of the Ptolemaic and Roman Periods (Nos. 62--456)}},
	PUBLISHER = {Manchester University Press},
	YEAR = {1915},
}

@book{berggren,
	TITLE = {Ptolemy's {{\em Geography}}: An Annotated Translation of the Theoretical Chapters},
	AUTHOR = {Berggren, J. Lennart and Jones, Alexander},
	YEAR = {2000},
	PUBLISHER = {Princeton University Press},
}

@incollection{bivar,
	BOOKTITLE = {{The Cambridge History of Iran. Volume 2: The Median and Achaemenian Periods}},
	EDITOR = {Gershevitch, Ilya},
	AUTHOR = {Bivar, A. D. H.},
	TITLE = {Achaemenid coins, weights and measures},
	PAGES = {610--639},
	PUBLISHER = {Cambridge University Press},
	YEAR = {1985},
}

@book{segre,
	AUTHOR = {Segr\`e, Angelo},
	TITLE = {Metrologia e circolazione monetaria degli antichi},
	PUBLISHER = {N. Zanichelli},
	ADDRESS = {Bologna},
	YEAR = {1928},
}

@book{rhodes,
	EDITOR = {Rhodes, P. J. and Osborne, Robin},
	TITLE = {Greek Historical Inscriptions 404--323 {BC}. {Edited} with introduction, translations, and commentaries},
	PUBLISHER = {Oxford University Press},
	YEAR = {2003},
}

@book{benoit,
	EDITOR = {Benoit, Paul and Chemla, Karine and Ritter, Jim},
	TITLE = {Histoire de fractions, fractions d'histoire},
	SERIES = {Science Networks Historical Studies},
	VOLUME = {10},
	PUBLISHER = {Birkh\"auser},
	YEAR = {1992},
}

@book{POxyI,
	EDITOR = {Grenfell, Bernard P. and Hunt, Arthur S.},
	TITLE = {{The Oxyrhynchus Papyri, Part I}},
	PUBLISHER = {Egypt Exploration Fund},
	ADDRESS = {London},
	YEAR = {1898},
}

@book{POxyIV,
	EDITOR = {Grenfell, Bernard P. and Hunt, Arthur S.},
	TITLE = {{The Oxyrhynchus Papyri, Part IV}},
	PUBLISHER = {Egypt Exploration Fund},
	ADDRESS = {London},
	YEAR = {1904},
}

@article{zalateo,
	AUTHOR = {Zalateo, Giorgio},
	TITLE = {Papiri scolastici},
	JOURNAL = {Aegyptus},
	VOLUME = {41},
	PAGES = {160--235},
	YEAR = {1961},
}

@book{chace,
	AUTHOR = {Chace, Arnold Buffum and Manning, Henry Parker and Archibald, Raymond Clare},
	TITLE = {{The Rhind Mathematical Papyrus, British Museum 10057 and 10058. Volume I. Free translation and commentary}},
	PUBLISHER = {Mathematical Association of America},
	YEAR = {1927},
}

@book{LCL266,
	AUTHOR = {A. S. Hunt and C. C. Edgar},
	TITLE = {Select Papyri, Volume {I}: Private affairs},
	SERIES = {Loeb Classical Library},
	NUMBER = {266},
	PUBLISHER = {Harvard University Press},
	YEAR = {1932},
}

@book{LCL284,
	AUTHOR = {A. S. Hunt and C. C. Edgar},
	TITLE = {Select Papyri, Volume {II}: Official documents},
	SERIES = {Loeb Classical Library},
	NUMBER = {282},
	PUBLISHER = {Harvard University Press},
	YEAR = {1934},
}

@book{DMP,
	AUTHOR = {Parker, Richard A.},
	PUBLISHER = {Brown University Press},
	YEAR = {1972},
	TITLE = {Demotic Mathematical Papyri},
	SERIES = {Brown Egyptological Studies},
	NUMBER = {7},
}

@book{egyptian3,
	AUTHOR = {Clagett, Marshall},
	TITLE = {{Ancient Egyptian Science: A Source Book. Volume Three: Ancient Egyptian Mathematics}},
	YEAR = {1999},
	PUBLISHER = {American Philosophical Society},
	ADDRESS = {Philadelphia},
	SERIES = {Memoirs of the American Philosophical Society},
	VOLUME = {232},
}

@article{tod1950,
	AUTHOR = {Tod, Marcus N.},
	TITLE = {The Alphabetic Numeral System in {Attica}},
	JOURNAL = {The Annual of the British School at Athens},
	PAGES = {126--139},
	VOLUME = {45},
	YEAR = {1950},
}

@article{tod1937,
	AUTHOR = {Tod, Marcus N.},
	TITLE = {The {Greek} acrophonic numerals},
	JOURNAL = {The Annual of the British School at Athens},
	PAGES = {236--258},
	VOLUME = {37},
	YEAR = {1936/1937},
}

@article{tod1912,
	AUTHOR = {Tod, Marcus N.},
	TITLE = {The {Greek} numeral notation},
	JOURNAL = {The Annual of the British School at Athens},
	PAGES = {98--132},
	VOLUME = {18},
	YEAR = {1911/1912},
}

@book{kuhner,
	AUTHOR = {K\"uhner, Raphael},
	TITLE = {{Ausf\"uhrliche Grammatik der griechischen Sprache. Erster Teil:
	Elementar - und Formenlehre. Dritte Auflage in zwei B\"anden, in neuer Bearbeitung besorgt von
	Dr. Friedrich Blass. Erster Band}},
	PUBLISHER = {Hahnsche Buchhandlung},
	ADDRESS = {Hannover},
	YEAR = {1890},
}

@incollection{smyly,
	AUTHOR = {Smyly, J. Gilbart},
	TITLE = {{The employment of the alphabet in Greek logistic}},
	PAGES = {515--530},
	EDITOR = {Moriaud, Paul and Naville, Edouard and Oltramare, Paul},
	BOOKTITLE = {{M\'elanges Nicole: Recueil de m\'emoires de philologie classique et d'arch\'eologie offerts \`a Jules Nicole}},
	PUBLISHER = {W. K\"undig \& Fils},
	ADDRESS = {Gen\`eve},
	YEAR = {1905},
}

@book{smyth,
	AUTHOR = {Smyth, Herbert Weir},
	TITLE = {Greek Grammar},
	PUBLISHER = {Harvard University Press},
	YEAR = {1956},
	NOTE = {Revised by Gordon M. Messing},
}

@book{householder,
	AUTHOR = {Householder, Fred W.},
	TITLE = {{The {\em Syntax} of Apollonius Dyscolus}},
	PUBLISHER = {John Benjamins Publishing Company},
	SERIES = {Studies in the History of the Language Sciences},
	VOLUME = {23},
	YEAR = {1981},
}

@incollection{baillet,
	TITLE = {{Le papyrus math\'ematique d'Akhm{\^\i}m}},
	AUTHOR = {Baillet, Jules},
	PAGES = {i--ii, 1--89},
	BOOKTITLE = {M\'emoires publi\'es par les membres de la Mission arch\'eologique fran\c{c}aise au Caire,
	tome neuvi\`eme, I\textsuperscript{er} fascicule},
	EDITOR = {Bouriant, U.},
	PUBLISHER = {Ernest Leroux},
	ADDRESS = {Paris},
	YEAR = {1892},
}

@book{GPBMII,
	EDITOR = {Kenyon, F. G.},
	TITLE = {{Greek Papyri in the British Museum, vol. II}},
	PUBLISHER = {British Museum},
	ADDRESS = {London},
	YEAR = {1898},
}

@book{schilbach,
	AUTHOR = {Schilbach, Erich},
	TITLE = {{Byzantinische Metrologie}},
	SERIES = {Handbuch der Altertumswissenschaft XII.4},
	PUBLISHER = {C. H. Beck},
	ADDRESS = {M\"unchen},
	YEAR = {1970},
}

@book{hultsch1895,
	AUTHOR = {Hultsch, Friedrich},
	TITLE = {{Die Elemente der \"agyptischen Theilungsrechnung. Erste Abhandlung}},
	SERIES = {Des XVII. Bandes der Abhandlungen der philologisch-historischen Classe der K\"onigl. S\"achsischen Gesellschaft der Wissenschaften, \textnumero I},
	PUBLISHER = {S. Hirzel},
	ADDRESS = {Leipzig},
	YEAR = {1895},
}

@book{MSRI,
	AUTHOR = {Hultsch, Friedrich},
	TITLE = {{Metrologicorum scriptorum reliquiae. Volumen I quo scriptores Graeci continentur}},
	PUBLISHER = {B. G. Teubner},
	ADDRESS = {Lipsiae},
	YEAR = {1864},
	SERIES = {Bibliotheca scriptorum Graecorum et Romanorum Teubneriana},
}

@book{MSRII,
	AUTHOR = {Hultsch, Friedrich},
	TITLE = {{Metrologicorum scriptorum reliquiae. Volumen II quo scriptores Romani et Indices continentur}},
	PUBLISHER = {B. G. Teubner},
	ADDRESS = {Lipsiae},
	YEAR = {1866},
	SERIES = {Bibliotheca scriptorum Graecorum et Romanorum Teubneriana},
}

@book{metrologie,
	AUTHOR = {Hultsch, Friedrich},
	EDITION = {second},
	TITLE = {{Griechische und r\"omische Metrologie}},
	PUBLISHER = {Wiedmannsche Buchhandlung},
	ADDRESS = {Berlin},
	YEAR = {1882},
}

@article{middot,
	YEAR = {1932},
	AUTHOR = {Gandz, Solomon},
}
